





@incollection{van2018literature,
  title={A literature survey of information systems facilitating the identification of industrial symbiosis},
  author={van Capelleveen, Guido and Amrit, Chintan and Yazan, Devrim Murat},
  booktitle={From Science to Society},
  pages={155--169},
  year={2018},
  publisher={Springer}
}



@article{prendeville2018circular,
  title={Circular cities: mapping six cities in transition},
  author={Prendeville, Sharon and Cherim, Emma and Bocken, Nancy},
  journal={Environmental innovation and societal transitions},
  volume={26},
  pages={171--194},
  year={2018},
  publisher={Elsevier}
}



@article{zhu2019efforts,
  title={Efforts for a circular economy in China: A comprehensive review of policies},
  author={Zhu, Junming and Fan, Chengming and Shi, Haijia and Shi, Lei},
  journal={Journal of Industrial Ecology},
  volume={23},
  number={1},
  pages={110--118},
  year={2019},
  publisher={Wiley Online Library}
}




@article{bin2015big,
  title={A big data analytics approach to develop industrial symbioses in large cities},
  author={Bin, Song and Zhiquan, Yeo and Jonathan, Low Sze Choong and Jiewei, Derek Koh and Kurle, Denis and Cerdas, Felipe and Herrmann, Christoph},
  journal={Procedia CIRP},
  volume={29},
  pages={450--455},
  year={2015},
  publisher={Elsevier}
}


@article{yeotools,
  title={Tools for promoting industrial symbiosis: A systematic review},
  author={Yeo, Zhiquan and Masi, Donato and Low, Jonathan Sze Choong and Ng, Yen Ting and Tan, Puay Siew and Barnes, Stuart},
  journal={Journal of Industrial Ecology},
  publisher={Wiley Online Library},
  year={2019}
}

@article{raabe2017collaboration,
  title={Collaboration platform for enabling industrial symbiosis: Application of the by-product exchange network model},
  author={Raabe, Benjamin and Low, Jonathan Sze Choong and Juraschek, Max and Herrmann, Christoph and Tjandra, Tobias Bestari and Ng, Yen Ting and Kurle, Denis and Cerdas, Felipe and Lueckenga, Jannis and Yeo, Zhiquan and others},
  journal={Procedia CIRP},
  volume={61},
  pages={263--268},
  year={2017},
  publisher={Elsevier}
}


@article{reike2018circular,
  title={The circular economy: New or Refurbished as CE 3.0?â€”Exploring Controversies in the Conceptualization of the Circular Economy through a Focus on History and Resource Value Retention Options},
  author={Reike, Denise and Vermeulen, Walter JV and Witjes, Sjors},
  journal={Resources, Conservation and Recycling},
  volume={135},
  pages={246--264},
  year={2018},
  publisher={Elsevier},
  file={Docs/reike2017.pdf}
}


@article{ryen2018ecological,
  title={Ecological foraging models as inspiration for optimized recycling systems in the circular economy},
  author={Ryen, Erinn G and Gaustad, Gabrielle and Babbitt, Callie W and Babbitt, Gregory},
  journal={Resources, Conservation and Recycling},
  volume={135},
  pages={48--57},
  year={2018},
  publisher={Elsevier},
  file={Docs/ryen2017.pdf}
}


@article{kirchherr2017conceptualizing,
  title={Conceptualizing the circular economy: An analysis of 114 definitions},
  author={Kirchherr, Julian and Reike, Denise and Hekkert, Marko},
  journal={Resources, Conservation and Recycling},
  volume={127},
  pages={221--232},
  year={2017},
  publisher={Elsevier},
  file={Docs/1-s2.0-S0921344917302835-main.pdf}
}


@article{sauve2016environmental,
	Author = {Sauv{\'e}, S{\'e}bastien and Bernard, Sophie and Sloan, Pamela},
	Date-Added = {2017-01-02 02:13:13 +0000},
	Date-Modified = {2017-01-02 02:13:13 +0000},
	Journal = {Environmental Development},
	Pages = {48--56},
	Publisher = {Elsevier},
	Title = {Environmental sciences, sustainable development and circular economy: Alternative concepts for trans-disciplinary research},
	Volume = {17},
	Year = {2016},
	Bdsk-File-1 = {YnBsaXN0MDDUAQIDBAUGJCVYJHZlcnNpb25YJG9iamVjdHNZJGFyY2hpdmVyVCR0b3ASAAGGoKgHCBMUFRYaIVUkbnVsbNMJCgsMDxJXTlMua2V5c1pOUy5vYmplY3RzViRjbGFzc6INDoACgAOiEBGABIAFgAdccmVsYXRpdmVQYXRoWWFsaWFzRGF0YV8QOERvY3MvVHJhbnNEaXNjaXBsaW5hcnlfMS1zMi4wLVMyMjExNDY0NTE1MzAwMDk5LW1haW4ucGRm0hcLGBlXTlMuZGF0YU8RAoYAAAAAAoYAAgAADE1hY2ludG9zaCBIRAAAAAAAAAAAAAAAAAAAAMpBWmxIKwAABFFeeR9UcmFuc0Rpc2NpcGxpbmFyeV8xIzQ3NzA1OUUucGRmAAAAAAAAAAAAAAAAAAAAAAAAAAAAAAAAAAAAAAAAAAAEdwWe1I/YBgAAAAAAAAAAAAEAAwAACSAAAAAAAAAAAAAAAAAAAAAERG9jcwAQAAgAAMpA6ewAAAARAAgAANSPZ4YAAAABACAEUV55BFFedQRPQkAEVA02AJDCKQAFAhUABQIUAAC+7AACAIVNYWNpbnRvc2ggSEQ6VXNlcnM6AEp1c3RlOgBEb2N1bWVudHM6AENvbXBsZXhTeXN0ZW1zOgBDaXJjdWxhckVjb25vbXk6AENpcmN1bGFyRWNvbm9teToAQmlibGlvOgBEb2NzOgBUcmFuc0Rpc2NpcGxpbmFyeV8xIzQ3NzA1OUUucGRmAAAOAGgAMwBUAHIAYQBuAHMARABpAHMAYwBpAHAAbABpAG4AYQByAHkAXwAxAC0AcwAyAC4AMAAtAFMAMgAyADEAMQA0ADYANAA1ADEANQAzADAAMAAwADkAOQAtAG0AYQBpAG4ALgBwAGQAZgAPABoADABNAGEAYwBpAG4AdABvAHMAaAAgAEgARAASAIRVc2Vycy9KdXN0ZS9Eb2N1bWVudHMvQ29tcGxleFN5c3RlbXMvQ2lyY3VsYXJFY29ub215L0NpcmN1bGFyRWNvbm9teS9CaWJsaW8vRG9jcy9UcmFuc0Rpc2NpcGxpbmFyeV8xLXMyLjAtUzIyMTE0NjQ1MTUzMDAwOTktbWFpbi5wZGYAEwABLwAAFQACAAz//wAAgAbSGxwdHlokY2xhc3NuYW1lWCRjbGFzc2VzXU5TTXV0YWJsZURhdGGjHR8gVk5TRGF0YVhOU09iamVjdNIbHCIjXE5TRGljdGlvbmFyeaIiIF8QD05TS2V5ZWRBcmNoaXZlctEmJ1Ryb290gAEACAARABoAIwAtADIANwBAAEYATQBVAGAAZwBqAGwAbgBxAHMAdQB3AIQAjgDJAM4A1gNgA2IDZwNyA3sDiQONA5QDnQOiA68DsgPEA8cDzAAAAAAAAAIBAAAAAAAAACgAAAAAAAAAAAAAAAAAAAPO}}

@article{genovese2015sustainable,
	Author = {Genovese, Andrea and Acquaye, Adolf A and Figueroa, Alejandro and Koh, SC Lenny},
	Date-Added = {2017-01-02 01:54:09 +0000},
	Date-Modified = {2017-01-02 01:54:09 +0000},
	Journal = {Omega},
	Publisher = {Elsevier},
	Title = {Sustainable supply chain management and the transition towards a circular economy: Evidence and some applications},
	Year = {2015},
	Bdsk-File-1 = {YnBsaXN0MDDUAQIDBAUGJCVYJHZlcnNpb25YJG9iamVjdHNZJGFyY2hpdmVyVCR0b3ASAAGGoKgHCBMUFRYaIVUkbnVsbNMJCgsMDxJXTlMua2V5c1pOUy5vYmplY3RzViRjbGFzc6INDoACgAOiEBGABIAFgAdccmVsYXRpdmVQYXRoWWFsaWFzRGF0YV8QPURvY3MvU3VzdGFpbmFibGVTdXBwbHlDaGFpbl8xLXMyLjAtUzAzMDUwNDgzMTUwMDEzMjItbWFpbi5wZGbSFwsYGVdOUy5kYXRhTxEClgAAAAAClgACAAAMTWFjaW50b3NoIEhEAAAAAAAAAAAAAAAAAAAAykFabEgrAAAEUV55H1N1c3RhaW5hYmxlU3VwcGx5Q2gjNDc3MDRBNi5wZGYAAAAAAAAAAAAAAAAAAAAAAAAAAAAAAAAAAAAAAAAAAAR3BKbUj9MvAAAAAAAAAAAAAQADAAAJIAAAAAAAAAAAAAAAAAAAAAREb2NzABAACAAAykDp7AAAABEACAAA1I9irwAAAAEAIARRXnkEUV51BE9CQARUDTYAkMIpAAUCFQAFAhQAAL7sAAIAhU1hY2ludG9zaCBIRDpVc2VyczoASnVzdGU6AERvY3VtZW50czoAQ29tcGxleFN5c3RlbXM6AENpcmN1bGFyRWNvbm9teToAQ2lyY3VsYXJFY29ub215OgBCaWJsaW86AERvY3M6AFN1c3RhaW5hYmxlU3VwcGx5Q2gjNDc3MDRBNi5wZGYAAA4AcgA4AFMAdQBzAHQAYQBpAG4AYQBiAGwAZQBTAHUAcABwAGwAeQBDAGgAYQBpAG4AXwAxAC0AcwAyAC4AMAAtAFMAMAAzADAANQAwADQAOAAzADEANQAwADAAMQAzADIAMgAtAG0AYQBpAG4ALgBwAGQAZgAPABoADABNAGEAYwBpAG4AdABvAHMAaAAgAEgARAASAIlVc2Vycy9KdXN0ZS9Eb2N1bWVudHMvQ29tcGxleFN5c3RlbXMvQ2lyY3VsYXJFY29ub215L0NpcmN1bGFyRWNvbm9teS9CaWJsaW8vRG9jcy9TdXN0YWluYWJsZVN1cHBseUNoYWluXzEtczIuMC1TMDMwNTA0ODMxNTAwMTMyMi1tYWluLnBkZgAAEwABLwAAFQACAAz//wAAgAbSGxwdHlokY2xhc3NuYW1lWCRjbGFzc2VzXU5TTXV0YWJsZURhdGGjHR8gVk5TRGF0YVhOU09iamVjdNIbHCIjXE5TRGljdGlvbmFyeaIiIF8QD05TS2V5ZWRBcmNoaXZlctEmJ1Ryb290gAEACAARABoAIwAtADIANwBAAEYATQBVAGAAZwBqAGwAbgBxAHMAdQB3AIQAjgDOANMA2wN1A3cDfAOHA5ADngOiA6kDsgO3A8QDxwPZA9wD4QAAAAAAAAIBAAAAAAAAACgAAAAAAAAAAAAAAAAAAAPj}}

@article{ghisellini2016review,
	Author = {Ghisellini, Patrizia and Cialani, Catia and Ulgiati, Sergio},
	Date-Added = {2016-12-30 11:21:58 +0000},
	Date-Modified = {2016-12-30 11:21:58 +0000},
	Journal = {Journal of Cleaner Production},
	Pages = {11--32},
	Publisher = {Elsevier},
	Title = {A review on circular economy: The expected transition to a balanced interplay of environmental and economic systems},
	Volume = {114},
	Year = {2016},
	Bdsk-File-1 = {YnBsaXN0MDDUAQIDBAUGJCVYJHZlcnNpb25YJG9iamVjdHNZJGFyY2hpdmVyVCR0b3ASAAGGoKgHCBMUFRYaIVUkbnVsbNMJCgsMDxJXTlMua2V5c1pOUy5vYmplY3RzViRjbGFzc6INDoACgAOiEBGABIAFgAdccmVsYXRpdmVQYXRoWWFsaWFzRGF0YV8QNERvY3MvUmV2aWV3Q2lyY0Vjb18xLXMyLjAtUzA5NTk2NTI2MTUwMTIyODctbWFpbi5wZGbSFwsYGVdOUy5kYXRhTxECegAAAAACegACAAAMTWFjaW50b3NoIEhEAAAAAAAAAAAAAAAAAAAAykFabEgrAAAEUV55H1Jldmlld0NpcmNFY29fMS1zMi4jNDc2RUMzMC5wZGYAAAAAAAAAAAAAAAAAAAAAAAAAAAAAAAAAAAAAAAAAAAR27DDUjGRoAAAAAAAAAAAAAQADAAAJIAAAAAAAAAAAAAAAAAAAAAREb2NzABAACAAAykDp7AAAABEACAAA1Ivz6AAAAAEAIARRXnkEUV51BE9CQARUDTYAkMIpAAUCFQAFAhQAAL7sAAIAhU1hY2ludG9zaCBIRDpVc2VyczoASnVzdGU6AERvY3VtZW50czoAQ29tcGxleFN5c3RlbXM6AENpcmN1bGFyRWNvbm9teToAQ2lyY3VsYXJFY29ub215OgBCaWJsaW86AERvY3M6AFJldmlld0NpcmNFY29fMS1zMi4jNDc2RUMzMC5wZGYAAA4AYAAvAFIAZQB2AGkAZQB3AEMAaQByAGMARQBjAG8AXwAxAC0AcwAyAC4AMAAtAFMAMAA5ADUAOQA2ADUAMgA2ADEANQAwADEAMgAyADgANwAtAG0AYQBpAG4ALgBwAGQAZgAPABoADABNAGEAYwBpAG4AdABvAHMAaAAgAEgARAASAIBVc2Vycy9KdXN0ZS9Eb2N1bWVudHMvQ29tcGxleFN5c3RlbXMvQ2lyY3VsYXJFY29ub215L0NpcmN1bGFyRWNvbm9teS9CaWJsaW8vRG9jcy9SZXZpZXdDaXJjRWNvXzEtczIuMC1TMDk1OTY1MjYxNTAxMjI4Ny1tYWluLnBkZgATAAEvAAAVAAIADP//AACABtIbHB0eWiRjbGFzc25hbWVYJGNsYXNzZXNdTlNNdXRhYmxlRGF0YaMdHyBWTlNEYXRhWE5TT2JqZWN00hscIiNcTlNEaWN0aW9uYXJ5oiIgXxAPTlNLZXllZEFyY2hpdmVy0SYnVHJvb3SAAQAIABEAGgAjAC0AMgA3AEAARgBNAFUAYABnAGoAbABuAHEAcwB1AHcAhACOAMUAygDSA1ADUgNXA2IDawN5A30DhAONA5IDnwOiA7QDtwO8AAAAAAAAAgEAAAAAAAAAKAAAAAAAAAAAAAAAAAAAA74=}}

@article{farmer2009economy,
	Author = {Farmer, J Doyne and Foley, Duncan},
	Date-Added = {2016-12-30 11:18:38 +0000},
	Date-Modified = {2016-12-30 11:18:38 +0000},
	Journal = {Nature},
	Number = {7256},
	Pages = {685--686},
	Publisher = {Nature Publishing Group},
	Title = {The economy needs agent-based modelling},
	Volume = {460},
	Year = {2009}}

@article{george2015circular,
	Author = {George, Donald AR and Lin, Brian Chi-ang and Chen, Yunmin},
	Date-Added = {2016-12-30 11:14:32 +0000},
	Date-Modified = {2016-12-30 11:14:32 +0000},
	Journal = {Environmental Modelling \& Software},
	Pages = {60--63},
	Publisher = {Elsevier},
	Title = {A circular economy model of economic growth},
	Volume = {73},
	Year = {2015},
	Bdsk-File-1 = {YnBsaXN0MDDUAQIDBAUGJCVYJHZlcnNpb25YJG9iamVjdHNZJGFyY2hpdmVyVCR0b3ASAAGGoKgHCBMUFRYaIVUkbnVsbNMJCgsMDxJXTlMua2V5c1pOUy5vYmplY3RzViRjbGFzc6INDoACgAOiEBGABIAFgAdccmVsYXRpdmVQYXRoWWFsaWFzRGF0YV8QSkRvY3MvQ2lyY3VsYXJFY29ub215TW9kZWxfRWNvbm9taWNHcm93dGhfMS1zMi4wLVMxMzY0ODE1MjE1MzAwMDUwLW1haW4ucGRm0hcLGBlXTlMuZGF0YU8RArwAAAAAArwAAgAADE1hY2ludG9zaCBIRAAAAAAAAAAAAAAAAAAAAMpBWmxIKwAABFFeeR9DaXJjdWxhckVjb25vbXlNb2RlIzQ3NkVCMjcucGRmAAAAAAAAAAAAAAAAAAAAAAAAAAAAAAAAAAAAAAAAAAAEdusn1Ixh4wAAAAAAAAAAAAEAAwAACSAAAAAAAAAAAAAAAAAAAAAERG9jcwAQAAgAAMpA6ewAAAARAAgAANSL8WMAAAABACAEUV55BFFedQRPQkAEVA02AJDCKQAFAhUABQIUAAC+7AACAIVNYWNpbnRvc2ggSEQ6VXNlcnM6AEp1c3RlOgBEb2N1bWVudHM6AENvbXBsZXhTeXN0ZW1zOgBDaXJjdWxhckVjb25vbXk6AENpcmN1bGFyRWNvbm9teToAQmlibGlvOgBEb2NzOgBDaXJjdWxhckVjb25vbXlNb2RlIzQ3NkVCMjcucGRmAAAOAIwARQBDAGkAcgBjAHUAbABhAHIARQBjAG8AbgBvAG0AeQBNAG8AZABlAGwAXwBFAGMAbwBuAG8AbQBpAGMARwByAG8AdwB0AGgAXwAxAC0AcwAyAC4AMAAtAFMAMQAzADYANAA4ADEANQAyADEANQAzADAAMAAwADUAMAAtAG0AYQBpAG4ALgBwAGQAZgAPABoADABNAGEAYwBpAG4AdABvAHMAaAAgAEgARAASAJZVc2Vycy9KdXN0ZS9Eb2N1bWVudHMvQ29tcGxleFN5c3RlbXMvQ2lyY3VsYXJFY29ub215L0NpcmN1bGFyRWNvbm9teS9CaWJsaW8vRG9jcy9DaXJjdWxhckVjb25vbXlNb2RlbF9FY29ub21pY0dyb3d0aF8xLXMyLjAtUzEzNjQ4MTUyMTUzMDAwNTAtbWFpbi5wZGYAEwABLwAAFQACAAz//wAAgAbSGxwdHlokY2xhc3NuYW1lWCRjbGFzc2VzXU5TTXV0YWJsZURhdGGjHR8gVk5TRGF0YVhOU09iamVjdNIbHCIjXE5TRGljdGlvbmFyeaIiIF8QD05TS2V5ZWRBcmNoaXZlctEmJ1Ryb290gAEACAARABoAIwAtADIANwBAAEYATQBVAGAAZwBqAGwAbgBxAHMAdQB3AIQAjgDbAOAA6AOoA6oDrwO6A8MD0QPVA9wD5QPqA/cD+gQMBA8EFAAAAAAAAAIBAAAAAAAAACgAAAAAAAAAAAAAAAAAAAQW}}

@article{geng2013measuring,
	Author = {Geng, Yong and Sarkis, Joseph and Ulgiati, Sergio and Zhang, Pan},
	Date-Added = {2016-09-30 12:54:03 +0000},
	Date-Modified = {2016-09-30 12:54:03 +0000},
	Journal = {Science},
	Number = {6127},
	Pages = {1526--1527},
	Publisher = {American Association for the Advancement of Science},
	Title = {Measuring China's circular economy},
	Volume = {339},
	Year = {2013},
	Bdsk-File-1 = {YnBsaXN0MDDUAQIDBAUGJCVYJHZlcnNpb25YJG9iamVjdHNZJGFyY2hpdmVyVCR0b3ASAAGGoKgHCBMUFRYaIVUkbnVsbNMJCgsMDxJXTlMua2V5c1pOUy5vYmplY3RzViRjbGFzc6INDoACgAOiEBGABIAFgAdccmVsYXRpdmVQYXRoWWFsaWFzRGF0YV8QEURvY3MvZ2VuZzIwMTMucGRm0hcLGBlXTlMuZGF0YU8RAf4AAAAAAf4AAgAADE1hY2ludG9zaCBIRAAAAAAAAAAAAAAAAAAAAMpBWmxIKwAABFFeeQxnZW5nMjAxMy5wZGYAAAAAAAAAAAAAAAAAAAAAAAAAAAAAAAAAAAAAAAAAAAAAAAAAAAAAAAAAAAAAAAAAAAAEdvGw1BSBTgAAAAAAAAAAAAEAAwAACSAAAAAAAAAAAAAAAAAAAAAERG9jcwAQAAgAAMpA6ewAAAARAAgAANQUEM4AAAABACAEUV55BFFedQRPQkAEVA02AJDCKQAFAhUABQIUAAC+7AACAHJNYWNpbnRvc2ggSEQ6VXNlcnM6AEp1c3RlOgBEb2N1bWVudHM6AENvbXBsZXhTeXN0ZW1zOgBDaXJjdWxhckVjb25vbXk6AENpcmN1bGFyRWNvbm9teToAQmlibGlvOgBEb2NzOgBnZW5nMjAxMy5wZGYADgAaAAwAZwBlAG4AZwAyADAAMQAzAC4AcABkAGYADwAaAAwATQBhAGMAaQBuAHQAbwBzAGgAIABIAEQAEgBdVXNlcnMvSnVzdGUvRG9jdW1lbnRzL0NvbXBsZXhTeXN0ZW1zL0NpcmN1bGFyRWNvbm9teS9DaXJjdWxhckVjb25vbXkvQmlibGlvL0RvY3MvZ2VuZzIwMTMucGRmAAATAAEvAAAVAAIADP//AACABtIbHB0eWiRjbGFzc25hbWVYJGNsYXNzZXNdTlNNdXRhYmxlRGF0YaMdHyBWTlNEYXRhWE5TT2JqZWN00hscIiNcTlNEaWN0aW9uYXJ5oiIgXxAPTlNLZXllZEFyY2hpdmVy0SYnVHJvb3SAAQAIABEAGgAjAC0AMgA3AEAARgBNAFUAYABnAGoAbABuAHEAcwB1AHcAhACOAKIApwCvArECswK4AsMCzALaAt4C5QLuAvMDAAMDAxUDGAMdAAAAAAAAAgEAAAAAAAAAKAAAAAAAAAAAAAAAAAAAAx8=}}

@article{yuan2006circular,
	Author = {Yuan, Zengwei and Bi, Jun and Moriguichi, Yuichi},
	Date-Added = {2016-09-30 12:53:12 +0000},
	Date-Modified = {2016-09-30 12:53:12 +0000},
	Journal = {Journal of Industrial Ecology},
	Number = {1-2},
	Pages = {4--8},
	Publisher = {Wiley Online Library},
	Title = {The circular economy: A new development strategy in China},
	Volume = {10},
	Year = {2006},
	Bdsk-File-1 = {YnBsaXN0MDDUAQIDBAUGJCVYJHZlcnNpb25YJG9iamVjdHNZJGFyY2hpdmVyVCR0b3ASAAGGoKgHCBMUFRYaIVUkbnVsbNMJCgsMDxJXTlMua2V5c1pOUy5vYmplY3RzViRjbGFzc6INDoACgAOiEBGABIAFgAdccmVsYXRpdmVQYXRoWWFsaWFzRGF0YV8QNkRvY3MvWXVhbl9ldF9hbC0yMDA2LUpvdXJuYWxfb2ZfSW5kdXN0cmlhbF9FY29sb2d5LnBkZtIXCxgZV05TLmRhdGFPEQKAAAAAAAKAAAIAAAxNYWNpbnRvc2ggSEQAAAAAAAAAAAAAAAAAAADKQVpsSCsAAARRXnkfWXVhbl9ldF9hbC0yMDA2LUpvdSM0NjdDMTlFLnBkZgAAAAAAAAAAAAAAAAAAAAAAAAAAAAAAAAAAAAAAAAAABGfBntQUgOMAAAAAAAAAAAABAAMAAAkgAAAAAAAAAAAAAAAAAAAABERvY3MAEAAIAADKQOnsAAAAEQAIAADUFBBjAAAAAQAgBFFeeQRRXnUET0JABFQNNgCQwikABQIVAAUCFAAAvuwAAgCFTWFjaW50b3NoIEhEOlVzZXJzOgBKdXN0ZToARG9jdW1lbnRzOgBDb21wbGV4U3lzdGVtczoAQ2lyY3VsYXJFY29ub215OgBDaXJjdWxhckVjb25vbXk6AEJpYmxpbzoARG9jczoAWXVhbl9ldF9hbC0yMDA2LUpvdSM0NjdDMTlFLnBkZgAADgBkADEAWQB1AGEAbgBfAGUAdABfAGEAbAAtADIAMAAwADYALQBKAG8AdQByAG4AYQBsAF8AbwBmAF8ASQBuAGQAdQBzAHQAcgBpAGEAbABfAEUAYwBvAGwAbwBnAHkALgBwAGQAZgAPABoADABNAGEAYwBpAG4AdABvAHMAaAAgAEgARAASAIJVc2Vycy9KdXN0ZS9Eb2N1bWVudHMvQ29tcGxleFN5c3RlbXMvQ2lyY3VsYXJFY29ub215L0NpcmN1bGFyRWNvbm9teS9CaWJsaW8vRG9jcy9ZdWFuX2V0X2FsLTIwMDYtSm91cm5hbF9vZl9JbmR1c3RyaWFsX0Vjb2xvZ3kucGRmABMAAS8AABUAAgAM//8AAIAG0hscHR5aJGNsYXNzbmFtZVgkY2xhc3Nlc11OU011dGFibGVEYXRhox0fIFZOU0RhdGFYTlNPYmplY3TSGxwiI1xOU0RpY3Rpb25hcnmiIiBfEA9OU0tleWVkQXJjaGl2ZXLRJidUcm9vdIABAAgAEQAaACMALQAyADcAQABGAE0AVQBgAGcAagBsAG4AcQBzAHUAdwCEAI4AxwDMANQDWANaA18DagNzA4EDhQOMA5UDmgOnA6oDvAO/A8QAAAAAAAACAQAAAAAAAAAoAAAAAAAAAAAAAAAAAAADxg==}}

@article{International-Earth-Science-Information-Network---CIESIN---Columbia-University:2005fk,
	Address = {Palisades, NY},
	Author = {Center for International Earth Science Information Network - CIESIN - Columbia University and Centro Internacional de Agricultura Tropical - CIAT},
	Date-Added = {2016-06-30 22:48:54 +0000},
	Date-Modified = {2016-06-30 22:48:54 +0000},
	Month = {20160630},
	Publisher = {NASA Socioeconomic Data and Applications Center (SEDAC)},
	Title = {Gridded Population of the World, Version 3 (GPWv3): Population Density Grid},
	Ty = {DATA},
	Url = {http://dx.doi.org/10.7927/H4XK8CG2},
	Year = {2005},
	Bdsk-Url-1 = {http://dx.doi.org/10.7927/H4XK8CG2}}

@article{favaro2011gibrat,
	Author = {Favaro, Jean-Marc and Pumain, Denise},
	Date-Added = {2016-06-22 02:26:24 +0000},
	Date-Modified = {2016-06-22 02:26:24 +0000},
	Journal = {Geographical Analysis},
	Number = {3},
	Pages = {261--286},
	Publisher = {Wiley Online Library},
	Title = {Gibrat Revisited: An Urban Growth Model Incorporating Spatial Interaction and Innovation Cycles.},
	Volume = {43},
	Year = {2011},
	Bdsk-File-1 = {YnBsaXN0MDDUAQIDBAUGJCVYJHZlcnNpb25YJG9iamVjdHNZJGFyY2hpdmVyVCR0b3ASAAGGoKgHCBMUFRYaIVUkbnVsbNMJCgsMDxJXTlMua2V5c1pOUy5vYmplY3RzViRjbGFzc6INDoACgAOiEBGABIAFgAdccmVsYXRpdmVQYXRoWWFsaWFzRGF0YV8QWC4uLy4uLy4uL0NpdHlOZXR3b3JrL0JpYmxpby9Eb2NzL1VyYmFuR3Jvd3RoL0ZhdmFyb19ldF9hbC0yMDExLUdlb2dyYXBoaWNhbF9BbmFseXNpcy5wZGbSFwsYGVdOUy5kYXRhTxECZgAAAAACZgACAAAMTWFjaW50b3NoIEhEAAAAAAAAAAAAAAAAAAAAykFabEgrAAACYkuYH0ZhdmFyb19ldF9hbC0yMDExLUcjMjYyNENCOS5wZGYAAAAAAAAAAAAAAAAAAAAAAAAAAAAAAAAAAAAAAAAAAAJiTLnRUg4VAAAAAAAAAAAAAwAFAAAJIAAAAAAAAAAAAAAAAAAAAAtVcmJhbkdyb3d0aAAAEAAIAADKQOnsAAAAEQAIAADRUZ2VAAAAAQAgAmJLmAIxd9kCIfkZAiH5EACQwikABQIVAAUCFAAAvuwAAgB9TWFjaW50b3NoIEhEOlVzZXJzOgBKdXN0ZToARG9jdW1lbnRzOgBDb21wbGV4U3lzdGVtczoAQ2l0eU5ldHdvcms6AEJpYmxpbzoARG9jczoAVXJiYW5Hcm93dGg6AEZhdmFyb19ldF9hbC0yMDExLUcjMjYyNENCOS5wZGYAAA4AWAArAEYAYQB2AGEAcgBvAF8AZQB0AF8AYQBsAC0AMgAwADEAMQAtAEcAZQBvAGcAcgBhAHAAaABpAGMAYQBsAF8AQQBuAGEAbAB5AHMAaQBzAC4AcABkAGYADwAaAAwATQBhAGMAaQBuAHQAbwBzAGgAIABIAEQAEgB0VXNlcnMvSnVzdGUvRG9jdW1lbnRzL0NvbXBsZXhTeXN0ZW1zL0NpdHlOZXR3b3JrL0JpYmxpby9Eb2NzL1VyYmFuR3Jvd3RoL0ZhdmFyb19ldF9hbC0yMDExLUdlb2dyYXBoaWNhbF9BbmFseXNpcy5wZGYAEwABLwAAFQACAAz//wAAgAbSGxwdHlokY2xhc3NuYW1lWCRjbGFzc2VzXU5TTXV0YWJsZURhdGGjHR8gVk5TRGF0YVhOU09iamVjdNIbHCIjXE5TRGljdGlvbmFyeaIiIF8QD05TS2V5ZWRBcmNoaXZlctEmJ1Ryb290gAEACAARABoAIwAtADIANwBAAEYATQBVAGAAZwBqAGwAbgBxAHMAdQB3AIQAjgDpAO4A9gNgA2IDZwNyA3sDiQONA5QDnQOiA68DsgPEA8cDzAAAAAAAAAIBAAAAAAAAACgAAAAAAAAAAAAAAAAAAAPO}}

@article{hardy2002industrial,
	Author = {Hardy, Catherine and Graedel, Thomas E},
	Date-Added = {2016-06-22 02:25:46 +0000},
	Date-Modified = {2016-06-22 02:25:46 +0000},
	Journal = {Journal of Industrial Ecology},
	Number = {1},
	Pages = {29--38},
	Publisher = {Wiley Online Library},
	Title = {Industrial ecosystems as food webs},
	Volume = {6},
	Year = {2002},
	Bdsk-File-1 = {YnBsaXN0MDDUAQIDBAUGJCVYJHZlcnNpb25YJG9iamVjdHNZJGFyY2hpdmVyVCR0b3ASAAGGoKgHCBMUFRYaIVUkbnVsbNMJCgsMDxJXTlMua2V5c1pOUy5vYmplY3RzViRjbGFzc6INDoACgAOiEBGABIAFgAdccmVsYXRpdmVQYXRoWWFsaWFzRGF0YV8QN0RvY3MvaGFyZHlfZXRfYWwtMjAwMi1qb3VybmFsX29mX2luZHVzdHJpYWxfZWNvbG9neS5wZGbSFwsYGVdOUy5kYXRhTxEChAAAAAAChAACAAAMTWFjaW50b3NoIEhEAAAAAAAAAAAAAAAAAAAAykFabEgrAAAEUV55H2hhcmR5X2V0X2FsLTIwMDItam8jNDUzQTc0Ny5wZGYAAAAAAAAAAAAAAAAAAAAAAAAAAAAAAAAAAAAAAAAAAARTp0fTkBguAAAAAAAAAAAAAQADAAAJIAAAAAAAAAAAAAAAAAAAAAREb2NzABAACAAAykDp7AAAABEACAAA04+nrgAAAAEAIARRXnkEUV51BE9CQARUDTYAkMIpAAUCFQAFAhQAAL7sAAIAhU1hY2ludG9zaCBIRDpVc2VyczoASnVzdGU6AERvY3VtZW50czoAQ29tcGxleFN5c3RlbXM6AENpcmN1bGFyRWNvbm9teToAQ2lyY3VsYXJFY29ub215OgBCaWJsaW86AERvY3M6AGhhcmR5X2V0X2FsLTIwMDItam8jNDUzQTc0Ny5wZGYAAA4AZgAyAGgAYQByAGQAeQBfAGUAdABfAGEAbAAtADIAMAAwADIALQBqAG8AdQByAG4AYQBsAF8AbwBmAF8AaQBuAGQAdQBzAHQAcgBpAGEAbABfAGUAYwBvAGwAbwBnAHkALgBwAGQAZgAPABoADABNAGEAYwBpAG4AdABvAHMAaAAgAEgARAASAINVc2Vycy9KdXN0ZS9Eb2N1bWVudHMvQ29tcGxleFN5c3RlbXMvQ2lyY3VsYXJFY29ub215L0NpcmN1bGFyRWNvbm9teS9CaWJsaW8vRG9jcy9oYXJkeV9ldF9hbC0yMDAyLWpvdXJuYWxfb2ZfaW5kdXN0cmlhbF9lY29sb2d5LnBkZgAAEwABLwAAFQACAAz//wAAgAbSGxwdHlokY2xhc3NuYW1lWCRjbGFzc2VzXU5TTXV0YWJsZURhdGGjHR8gVk5TRGF0YVhOU09iamVjdNIbHCIjXE5TRGljdGlvbmFyeaIiIF8QD05TS2V5ZWRBcmNoaXZlctEmJ1Ryb290gAEACAARABoAIwAtADIANwBAAEYATQBVAGAAZwBqAGwAbgBxAHMAdQB3AIQAjgDIAM0A1QNdA18DZANvA3gDhgOKA5EDmgOfA6wDrwPBA8QDyQAAAAAAAAIBAAAAAAAAACgAAAAAAAAAAAAAAAAAAAPL}}

@article{layton2015industrial,
	Author = {Layton, Astrid and Bras, Bert and Weissburg, Marc},
	Date-Added = {2016-06-22 02:24:46 +0000},
	Date-Modified = {2016-06-22 02:24:46 +0000},
	Journal = {Journal of Industrial Ecology},
	Publisher = {Wiley Online Library},
	Title = {Industrial Ecosystems and Food Webs: An Expansion and Update of Existing Data for Eco-Industrial Parks and Understanding the Ecological Food Webs They Wish to Mimic},
	Year = {2015},
	Bdsk-File-1 = {YnBsaXN0MDDUAQIDBAUGJCVYJHZlcnNpb25YJG9iamVjdHNZJGFyY2hpdmVyVCR0b3ASAAGGoKgHCBMUFRYaIVUkbnVsbNMJCgsMDxJXTlMua2V5c1pOUy5vYmplY3RzViRjbGFzc6INDoACgAOiEBGABIAFgAdccmVsYXRpdmVQYXRoWWFsaWFzRGF0YV8QaERvY3MvMjAxNl8tX2FzdHJpZF9sYXl0b25fLV9pbmR1c3RyaWFsZWNvc3lzdGVtc2FuZGZvb2R3ZWJzYW5leHBhbnNpb25hbmR1cGRhdF9yZXRyaWV2ZWQtMjAxNi0wNi0yMV8ucGRm0hcLGBlXTlMuZGF0YU8RAxYAAAAAAxYAAgAADE1hY2ludG9zaCBIRAAAAAAAAAAAAAAAAAAAAMpBWmxIKwAABFFeeR8yMDE2Xy1fYXN0cmlkX2xheXRvIzQ1M0E2REUucGRmAAAAAAAAAAAAAAAAAAAAAAAAAAAAAAAAAAAAAAAAAAAEU6be05AXqQAAAAAAAAAAAAEAAwAACSAAAAAAAAAAAAAAAAAAAAAERG9jcwAQAAgAAMpA6ewAAAARAAgAANOPpykAAAABACAEUV55BFFedQRPQkAEVA02AJDCKQAFAhUABQIUAAC+7AACAIVNYWNpbnRvc2ggSEQ6VXNlcnM6AEp1c3RlOgBEb2N1bWVudHM6AENvbXBsZXhTeXN0ZW1zOgBDaXJjdWxhckVjb25vbXk6AENpcmN1bGFyRWNvbm9teToAQmlibGlvOgBEb2NzOgAyMDE2Xy1fYXN0cmlkX2xheXRvIzQ1M0E2REUucGRmAAAOAMgAYwAyADAAMQA2AF8ALQBfAGEAcwB0AHIAaQBkAF8AbABhAHkAdABvAG4AXwAtAF8AaQBuAGQAdQBzAHQAcgBpAGEAbABlAGMAbwBzAHkAcwB0AGUAbQBzAGEAbgBkAGYAbwBvAGQAdwBlAGIAcwBhAG4AZQB4AHAAYQBuAHMAaQBvAG4AYQBuAGQAdQBwAGQAYQB0AF8AcgBlAHQAcgBpAGUAdgBlAGQALQAyADAAMQA2AC0AMAA2AC0AMgAxAF8ALgBwAGQAZgAPABoADABNAGEAYwBpAG4AdABvAHMAaAAgAEgARAASALRVc2Vycy9KdXN0ZS9Eb2N1bWVudHMvQ29tcGxleFN5c3RlbXMvQ2lyY3VsYXJFY29ub215L0NpcmN1bGFyRWNvbm9teS9CaWJsaW8vRG9jcy8yMDE2Xy1fYXN0cmlkX2xheXRvbl8tX2luZHVzdHJpYWxlY29zeXN0ZW1zYW5kZm9vZHdlYnNhbmV4cGFuc2lvbmFuZHVwZGF0X3JldHJpZXZlZC0yMDE2LTA2LTIxXy5wZGYAEwABLwAAFQACAAz//wAAgAbSGxwdHlokY2xhc3NuYW1lWCRjbGFzc2VzXU5TTXV0YWJsZURhdGGjHR8gVk5TRGF0YVhOU09iamVjdNIbHCIjXE5TRGljdGlvbmFyeaIiIF8QD05TS2V5ZWRBcmNoaXZlctEmJ1Ryb290gAEACAARABoAIwAtADIANwBAAEYATQBVAGAAZwBqAGwAbgBxAHMAdQB3AIQAjgD5AP4BBgQgBCIEJwQyBDsESQRNBFQEXQRiBG8EcgSEBIcEjAAAAAAAAAIBAAAAAAAAACgAAAAAAAAAAAAAAAAAAASO}}

@article{xie2009modeling,
	Author = {Xie, Feng and Levinson, David},
	Date-Added = {2016-06-20 23:21:44 +0000},
	Date-Modified = {2016-06-20 23:21:44 +0000},
	Journal = {Networks and Spatial Economics},
	Number = {3},
	Pages = {291--307},
	Publisher = {Springer},
	Title = {Modeling the growth of transportation networks: A comprehensive review},
	Volume = {9},
	Year = {2009},
	Bdsk-File-1 = {YnBsaXN0MDDUAQIDBAUGJCVYJHZlcnNpb25YJG9iamVjdHNZJGFyY2hpdmVyVCR0b3ASAAGGoKgHCBMUFRYaIVUkbnVsbNMJCgsMDxJXTlMua2V5c1pOUy5vYmplY3RzViRjbGFzc6INDoACgAOiEBGABIAFgAdccmVsYXRpdmVQYXRoWWFsaWFzRGF0YV8QXy4uLy4uLy4uL01pc2MvUHJvamV0VGhlc2UvQmlibGlvL0RvY3MvQ29tcHJlaGVuc2l2ZVJldmlld19hcnQlM0ExMC4xMDA3JTJGczExMDY3LTAwNy05MDM3LTQucGRm0hcLGBlXTlMuZGF0YU8RAnoAAAAAAnoAAgAADE1hY2ludG9zaCBIRAAAAAAAAAAAAAAAAAAAAMpBWmxIKwAAAZI3zx9Db21wcmVoZW5zaXZlUmV2aWV3IzE5Njk0NzUucGRmAAAAAAAAAAAAAAAAAAAAAAAAAAAAAAAAAAAAAAAAAAABlpR1z2Ot+AAAAAAAAAAAAAMABQAACSAAAAAAAAAAAAAAAAAAAAAERG9jcwAQAAgAAMpA6ewAAAARAAgAAM9jPXgAAAABACABkjfPAZI3zQGSN8sBeNRUAJDCKQAFAhUABQIUAAC+7AACAHZNYWNpbnRvc2ggSEQ6VXNlcnM6AEp1c3RlOgBEb2N1bWVudHM6AENvbXBsZXhTeXN0ZW1zOgBNaXNjOgBQcm9qZXRUaGVzZToAQmlibGlvOgBEb2NzOgBDb21wcmVoZW5zaXZlUmV2aWV3IzE5Njk0NzUucGRmAA4AdAA5AEMAbwBtAHAAcgBlAGgAZQBuAHMAaQB2AGUAUgBlAHYAaQBlAHcAXwBhAHIAdAAlADMAQQAxADAALgAxADAAMAA3ACUAMgBGAHMAMQAxADAANgA3AC0AMAAwADcALQA5ADAAMwA3AC0ANAAuAHAAZABmAA8AGgAMAE0AYQBjAGkAbgB0AG8AcwBoACAASABEABIAe1VzZXJzL0p1c3RlL0RvY3VtZW50cy9Db21wbGV4U3lzdGVtcy9NaXNjL1Byb2pldFRoZXNlL0JpYmxpby9Eb2NzL0NvbXByZWhlbnNpdmVSZXZpZXdfYXJ0JTNBMTAuMTAwNyUyRnMxMTA2Ny0wMDctOTAzNy00LnBkZgAAEwABLwAAFQACAAz//wAAgAbSGxwdHlokY2xhc3NuYW1lWCRjbGFzc2VzXU5TTXV0YWJsZURhdGGjHR8gVk5TRGF0YVhOU09iamVjdNIbHCIjXE5TRGljdGlvbmFyeaIiIF8QD05TS2V5ZWRBcmNoaXZlctEmJ1Ryb290gAEACAARABoAIwAtADIANwBAAEYATQBVAGAAZwBqAGwAbgBxAHMAdQB3AIQAjgDwAPUA/QN7A30DggONA5YDpAOoA68DuAO9A8oDzQPfA+ID5wAAAAAAAAIBAAAAAAAAACgAAAAAAAAAAAAAAAAAAAPp}}

@article{thomas1997industrial,
	Author = {Thomas, Valerie M},
	Date-Added = {2016-06-20 04:17:47 +0000},
	Date-Modified = {2016-06-20 04:17:47 +0000},
	Journal = {Journal of Industrial Ecology},
	Number = {2},
	Pages = {149--151},
	Publisher = {Wiley Online Library},
	Title = {Industrial ecology: towards closing the materials cycle},
	Volume = {1},
	Year = {1997},
	Bdsk-File-1 = {YnBsaXN0MDDUAQIDBAUGJCVYJHZlcnNpb25YJG9iamVjdHNZJGFyY2hpdmVyVCR0b3ASAAGGoKgHCBMUFRYaIVUkbnVsbNMJCgsMDxJXTlMua2V5c1pOUy5vYmplY3RzViRjbGFzc6INDoACgAOiEBGABIAFgAdccmVsYXRpdmVQYXRoWWFsaWFzRGF0YV8QE0RvY3MvdGhvbWFzMTk5Ny5wZGbSFwsYGVdOUy5kYXRhTxECBgAAAAACBgACAAAMTWFjaW50b3NoIEhEAAAAAAAAAAAAAAAAAAAAykFabEgrAAAEUV55DnRob21hczE5OTcucGRmAAAAAAAAAAAAAAAAAAAAAAAAAAAAAAAAAAAAAAAAAAAAAAAAAAAAAAAAAAAAAAAAAARRbAvTjY9HAAAAAAAAAAAAAQADAAAJIAAAAAAAAAAAAAAAAAAAAAREb2NzABAACAAAykDp7AAAABEACAAA040exwAAAAEAIARRXnkEUV51BE9CQARUDTYAkMIpAAUCFQAFAhQAAL7sAAIAdE1hY2ludG9zaCBIRDpVc2VyczoASnVzdGU6AERvY3VtZW50czoAQ29tcGxleFN5c3RlbXM6AENpcmN1bGFyRWNvbm9teToAQ2lyY3VsYXJFY29ub215OgBCaWJsaW86AERvY3M6AHRob21hczE5OTcucGRmAA4AHgAOAHQAaABvAG0AYQBzADEAOQA5ADcALgBwAGQAZgAPABoADABNAGEAYwBpAG4AdABvAHMAaAAgAEgARAASAF9Vc2Vycy9KdXN0ZS9Eb2N1bWVudHMvQ29tcGxleFN5c3RlbXMvQ2lyY3VsYXJFY29ub215L0NpcmN1bGFyRWNvbm9teS9CaWJsaW8vRG9jcy90aG9tYXMxOTk3LnBkZgAAEwABLwAAFQACAAz//wAAgAbSGxwdHlokY2xhc3NuYW1lWCRjbGFzc2VzXU5TTXV0YWJsZURhdGGjHR8gVk5TRGF0YVhOU09iamVjdNIbHCIjXE5TRGljdGlvbmFyeaIiIF8QD05TS2V5ZWRBcmNoaXZlctEmJ1Ryb290gAEACAARABoAIwAtADIANwBAAEYATQBVAGAAZwBqAGwAbgBxAHMAdQB3AIQAjgCkAKkAsQK7Ar0CwgLNAtYC5ALoAu8C+AL9AwoDDQMfAyIDJwAAAAAAAAIBAAAAAAAAACgAAAAAAAAAAAAAAAAAAAMp}}

@article{zhu2013exploring,
	Author = {Zhu, Junming and Ruth, Matthias},
	Date-Added = {2016-06-20 02:16:18 +0000},
	Date-Modified = {2016-06-20 02:16:18 +0000},
	Journal = {Journal of environmental management},
	Pages = {65--75},
	Publisher = {Elsevier},
	Title = {Exploring the resilience of industrial ecosystems},
	Volume = {122},
	Year = {2013},
	Bdsk-File-1 = {YnBsaXN0MDDUAQIDBAUGJCVYJHZlcnNpb25YJG9iamVjdHNZJGFyY2hpdmVyVCR0b3ASAAGGoKgHCBMUFRYaIVUkbnVsbNMJCgsMDxJXTlMua2V5c1pOUy5vYmplY3RzViRjbGFzc6INDoACgAOiEBGABIAFgAdccmVsYXRpdmVQYXRoWWFsaWFzRGF0YV8QTURvY3Mvemh1X19ydXRoXy1fMjAxM18tX2V4cGxvcmluZ190aGVfcmVzaWxpZW5jZV9vZl9pbmR1c3RyaWFsX2Vjb3N5c3RlbXMucGRm0hcLGBlXTlMuZGF0YU8RAsYAAAAAAsYAAgAADE1hY2ludG9zaCBIRAAAAAAAAAAAAAAAAAAAAMpBWmxIKwAABFFeeR96aHVfX3J1dGhfLV8yMDEzXy1fIzQ1MTYxMTAucGRmAAAAAAAAAAAAAAAAAAAAAAAAAAAAAAAAAAAAAAAAAAAEUWEQ041yzgAAAAAAAAAAAAEAAwAACSAAAAAAAAAAAAAAAAAAAAAERG9jcwAQAAgAAMpA6ewAAAARAAgAANONAk4AAAABACAEUV55BFFedQRPQkAEVA02AJDCKQAFAhUABQIUAAC+7AACAIVNYWNpbnRvc2ggSEQ6VXNlcnM6AEp1c3RlOgBEb2N1bWVudHM6AENvbXBsZXhTeXN0ZW1zOgBDaXJjdWxhckVjb25vbXk6AENpcmN1bGFyRWNvbm9teToAQmlibGlvOgBEb2NzOgB6aHVfX3J1dGhfLV8yMDEzXy1fIzQ1MTYxMTAucGRmAAAOAJIASAB6AGgAdQBfAF8AcgB1AHQAaABfAC0AXwAyADAAMQAzAF8ALQBfAGUAeABwAGwAbwByAGkAbgBnAF8AdABoAGUAXwByAGUAcwBpAGwAaQBlAG4AYwBlAF8AbwBmAF8AaQBuAGQAdQBzAHQAcgBpAGEAbABfAGUAYwBvAHMAeQBzAHQAZQBtAHMALgBwAGQAZgAPABoADABNAGEAYwBpAG4AdABvAHMAaAAgAEgARAASAJlVc2Vycy9KdXN0ZS9Eb2N1bWVudHMvQ29tcGxleFN5c3RlbXMvQ2lyY3VsYXJFY29ub215L0NpcmN1bGFyRWNvbm9teS9CaWJsaW8vRG9jcy96aHVfX3J1dGhfLV8yMDEzXy1fZXhwbG9yaW5nX3RoZV9yZXNpbGllbmNlX29mX2luZHVzdHJpYWxfZWNvc3lzdGVtcy5wZGYAABMAAS8AABUAAgAM//8AAIAG0hscHR5aJGNsYXNzbmFtZVgkY2xhc3Nlc11OU011dGFibGVEYXRhox0fIFZOU0RhdGFYTlNPYmplY3TSGxwiI1xOU0RpY3Rpb25hcnmiIiBfEA9OU0tleWVkQXJjaGl2ZXLRJidUcm9vdIABAAgAEQAaACMALQAyADcAQABGAE0AVQBgAGcAagBsAG4AcQBzAHUAdwCEAI4A3gDjAOsDtQO3A7wDxwPQA94D4gPpA/ID9wQEBAcEGQQcBCEAAAAAAAACAQAAAAAAAAAoAAAAAAAAAAAAAAAAAAAEIw==}}

@article{bai2007industrial,
	Author = {Bai, Xuemei},
	Date-Added = {2016-06-20 02:14:01 +0000},
	Date-Modified = {2016-06-20 02:14:01 +0000},
	Journal = {Journal of Industrial Ecology},
	Number = {2},
	Pages = {1--6},
	Publisher = {Wiley Online Library},
	Title = {Industrial ecology and the global impacts of cities},
	Volume = {11},
	Year = {2007},
	Bdsk-File-1 = {YnBsaXN0MDDUAQIDBAUGJCVYJHZlcnNpb25YJG9iamVjdHNZJGFyY2hpdmVyVCR0b3ASAAGGoKgHCBMUFRYaIVUkbnVsbNMJCgsMDxJXTlMua2V5c1pOUy5vYmplY3RzViRjbGFzc6INDoACgAOiEBGABIAFgAdccmVsYXRpdmVQYXRoWWFsaWFzRGF0YV8QEERvY3MvYmFpMjAwNy5wZGbSFwsYGVdOUy5kYXRhTxEB+gAAAAAB+gACAAAMTWFjaW50b3NoIEhEAAAAAAAAAAAAAAAAAAAAykFabEgrAAAEUV55C2JhaTIwMDcucGRmAAAAAAAAAAAAAAAAAAAAAAAAAAAAAAAAAAAAAAAAAAAAAAAAAAAAAAAAAAAAAAAAAAAAAARRYNzTjXJVAAAAAAAAAAAAAQADAAAJIAAAAAAAAAAAAAAAAAAAAAREb2NzABAACAAAykDp7AAAABEACAAA040B1QAAAAEAIARRXnkEUV51BE9CQARUDTYAkMIpAAUCFQAFAhQAAL7sAAIAcU1hY2ludG9zaCBIRDpVc2VyczoASnVzdGU6AERvY3VtZW50czoAQ29tcGxleFN5c3RlbXM6AENpcmN1bGFyRWNvbm9teToAQ2lyY3VsYXJFY29ub215OgBCaWJsaW86AERvY3M6AGJhaTIwMDcucGRmAAAOABgACwBiAGEAaQAyADAAMAA3AC4AcABkAGYADwAaAAwATQBhAGMAaQBuAHQAbwBzAGgAIABIAEQAEgBcVXNlcnMvSnVzdGUvRG9jdW1lbnRzL0NvbXBsZXhTeXN0ZW1zL0NpcmN1bGFyRWNvbm9teS9DaXJjdWxhckVjb25vbXkvQmlibGlvL0RvY3MvYmFpMjAwNy5wZGYAEwABLwAAFQACAAz//wAAgAbSGxwdHlokY2xhc3NuYW1lWCRjbGFzc2VzXU5TTXV0YWJsZURhdGGjHR8gVk5TRGF0YVhOU09iamVjdNIbHCIjXE5TRGljdGlvbmFyeaIiIF8QD05TS2V5ZWRBcmNoaXZlctEmJ1Ryb290gAEACAARABoAIwAtADIANwBAAEYATQBVAGAAZwBqAGwAbgBxAHMAdQB3AIQAjgChAKYArgKsAq4CswK+AscC1QLZAuAC6QLuAvsC/gMQAxMDGAAAAAAAAAIBAAAAAAAAACgAAAAAAAAAAAAAAAAAAAMa}}

@article{bodini2012cities,
	Author = {Bodini, Antonio and Bondavalli, Cristina and Allesina, Stefano},
	Date-Added = {2016-06-20 02:01:01 +0000},
	Date-Modified = {2016-06-20 02:01:01 +0000},
	Journal = {Ecological Modelling},
	Pages = {185--198},
	Publisher = {Elsevier},
	Title = {Cities as ecosystems: growth, development and implications for sustainability},
	Volume = {245},
	Year = {2012},
	Bdsk-File-1 = {YnBsaXN0MDDUAQIDBAUGJCVYJHZlcnNpb25YJG9iamVjdHNZJGFyY2hpdmVyVCR0b3ASAAGGoKgHCBMUFRYaIVUkbnVsbNMJCgsMDxJXTlMua2V5c1pOUy5vYmplY3RzViRjbGFzc6INDoACgAOiEBGABIAFgAdccmVsYXRpdmVQYXRoWWFsaWFzRGF0YV8QaURvY3MvMjAxMl8tX2FudG9uaW9fYm9kaW5pXy1fY2l0aWVzYXNlY29zeXN0ZW1zZ3Jvd3RoZGV2ZWxvcG1lbnRhbmRpbXBsaWNhdGlvbnNfcmV0cmlldmVkLTIwMTYtMDYtMTlfLnBkZtIXCxgZV05TLmRhdGFPEQMaAAAAAAMaAAIAAAxNYWNpbnRvc2ggSEQAAAAAAAAAAAAAAAAAAADKQVpsSCsAAARRXnkfMjAxMl8tX2FudG9uaW9fYm9kaSM0NTE1RjQ0LnBkZgAAAAAAAAAAAAAAAAAAAAAAAAAAAAAAAAAAAAAAAAAABFFfRNONb0AAAAAAAAAAAAABAAMAAAkgAAAAAAAAAAAAAAAAAAAABERvY3MAEAAIAADKQOnsAAAAEQAIAADTjP7AAAAAAQAgBFFeeQRRXnUET0JABFQNNgCQwikABQIVAAUCFAAAvuwAAgCFTWFjaW50b3NoIEhEOlVzZXJzOgBKdXN0ZToARG9jdW1lbnRzOgBDb21wbGV4U3lzdGVtczoAQ2lyY3VsYXJFY29ub215OgBDaXJjdWxhckVjb25vbXk6AEJpYmxpbzoARG9jczoAMjAxMl8tX2FudG9uaW9fYm9kaSM0NTE1RjQ0LnBkZgAADgDKAGQAMgAwADEAMgBfAC0AXwBhAG4AdABvAG4AaQBvAF8AYgBvAGQAaQBuAGkAXwAtAF8AYwBpAHQAaQBlAHMAYQBzAGUAYwBvAHMAeQBzAHQAZQBtAHMAZwByAG8AdwB0AGgAZABlAHYAZQBsAG8AcABtAGUAbgB0AGEAbgBkAGkAbQBwAGwAaQBjAGEAdABpAG8AbgBzAF8AcgBlAHQAcgBpAGUAdgBlAGQALQAyADAAMQA2AC0AMAA2AC0AMQA5AF8ALgBwAGQAZgAPABoADABNAGEAYwBpAG4AdABvAHMAaAAgAEgARAASALVVc2Vycy9KdXN0ZS9Eb2N1bWVudHMvQ29tcGxleFN5c3RlbXMvQ2lyY3VsYXJFY29ub215L0NpcmN1bGFyRWNvbm9teS9CaWJsaW8vRG9jcy8yMDEyXy1fYW50b25pb19ib2RpbmlfLV9jaXRpZXNhc2Vjb3N5c3RlbXNncm93dGhkZXZlbG9wbWVudGFuZGltcGxpY2F0aW9uc19yZXRyaWV2ZWQtMjAxNi0wNi0xOV8ucGRmAAATAAEvAAAVAAIADP//AACABtIbHB0eWiRjbGFzc25hbWVYJGNsYXNzZXNdTlNNdXRhYmxlRGF0YaMdHyBWTlNEYXRhWE5TT2JqZWN00hscIiNcTlNEaWN0aW9uYXJ5oiIgXxAPTlNLZXllZEFyY2hpdmVy0SYnVHJvb3SAAQAIABEAGgAjAC0AMgA3AEAARgBNAFUAYABnAGoAbABuAHEAcwB1AHcAhACOAPoA/wEHBCUEJwQsBDcEQAROBFIEWQRiBGcEdAR3BIkEjASRAAAAAAAAAgEAAAAAAAAAKAAAAAAAAAAAAAAAAAAABJM=}}

@article{10.1371/journal.pbio.1001841,
	Abstract = {<sec> <title></title> <p>This paper presents the first mathematical model that attempts to represent the biology and behavior of all individual organisms globally, taking us a step closer to holistic ecological and conservation science founded on mechanistic predictions.</p> </sec>},
	Author = {Harfoot, Michael B. J. AND Newbold, Tim AND Tittensor, Derek P. AND Emmott, Stephen AND Hutton, Jon AND Lyutsarev, Vassily AND Smith, Matthew J. AND Scharlemann, J{\"o}rn P. W. AND Purves, Drew W.},
	Date-Added = {2016-06-20 01:59:35 +0000},
	Date-Modified = {2016-06-20 01:59:35 +0000},
	Doi = {10.1371/journal.pbio.1001841},
	Journal = {PLoS Biol},
	Month = {04},
	Number = {4},
	Pages = {1-24},
	Publisher = {Public Library of Science},
	Title = {Emergent Global Patterns of Ecosystem Structure and Function from a Mechanistic General Ecosystem Model},
	Url = {http://dx.doi.org/10.1371%2Fjournal.pbio.1001841},
	Volume = {12},
	Year = {2014},
	Bdsk-File-1 = {YnBsaXN0MDDUAQIDBAUGJCVYJHZlcnNpb25YJG9iamVjdHNZJGFyY2hpdmVyVCR0b3ASAAGGoKgHCBMUFRYaIVUkbnVsbNMJCgsMDxJXTlMua2V5c1pOUy5vYmplY3RzViRjbGFzc6INDoACgAOiEBGABIAFgAdccmVsYXRpdmVQYXRoWWFsaWFzRGF0YV8QHURvY3Mvam91cm5hbC5wYmlvLjEwMDE4NDEuUERG0hcLGBlXTlMuZGF0YU8RAi4AAAAAAi4AAgAADE1hY2ludG9zaCBIRAAAAAAAAAAAAAAAAAAAAMpBWmxIKwAABFFeeRhqb3VybmFsLnBiaW8uMTAwMTg0MS5QREYAAAAAAAAAAAAAAAAAAAAAAAAAAAAAAAAAAAAAAAAAAAAAAAAAAAAEUV8T041u6wAAAAAAAAAAAAEAAwAACSAAAAAAAAAAAAAAAAAAAAAERG9jcwAQAAgAAMpA6ewAAAARAAgAANOM/msAAAABACAEUV55BFFedQRPQkAEVA02AJDCKQAFAhUABQIUAAC+7AACAH5NYWNpbnRvc2ggSEQ6VXNlcnM6AEp1c3RlOgBEb2N1bWVudHM6AENvbXBsZXhTeXN0ZW1zOgBDaXJjdWxhckVjb25vbXk6AENpcmN1bGFyRWNvbm9teToAQmlibGlvOgBEb2NzOgBqb3VybmFsLnBiaW8uMTAwMTg0MS5QREYADgAyABgAagBvAHUAcgBuAGEAbAAuAHAAYgBpAG8ALgAxADAAMAAxADgANAAxAC4AUABEAEYADwAaAAwATQBhAGMAaQBuAHQAbwBzAGgAIABIAEQAEgBpVXNlcnMvSnVzdGUvRG9jdW1lbnRzL0NvbXBsZXhTeXN0ZW1zL0NpcmN1bGFyRWNvbm9teS9DaXJjdWxhckVjb25vbXkvQmlibGlvL0RvY3Mvam91cm5hbC5wYmlvLjEwMDE4NDEuUERGAAATAAEvAAAVAAIADP//AACABtIbHB0eWiRjbGFzc25hbWVYJGNsYXNzZXNdTlNNdXRhYmxlRGF0YaMdHyBWTlNEYXRhWE5TT2JqZWN00hscIiNcTlNEaWN0aW9uYXJ5oiIgXxAPTlNLZXllZEFyY2hpdmVy0SYnVHJvb3SAAQAIABEAGgAjAC0AMgA3AEAARgBNAFUAYABnAGoAbABuAHEAcwB1AHcAhACOAK4AswC7Au0C7wL0Av8DCAMWAxoDIQMqAy8DPAM/A1EDVANZAAAAAAAAAgEAAAAAAAAAKAAAAAAAAAAAAAAAAAAAA1s=},
	Bdsk-Url-1 = {http://dx.doi.org/10.1371%2Fjournal.pbio.1001841},
	Bdsk-Url-2 = {http://dx.doi.org/10.1371/journal.pbio.1001841}}

@article{olsen1982urban,
	Author = {Olsen, Sherry},
	Date-Added = {2016-06-20 01:56:52 +0000},
	Date-Modified = {2016-06-20 01:56:52 +0000},
	Journal = {Urban Geography},
	Number = {2},
	Pages = {87--109},
	Publisher = {Taylor \& Francis},
	Title = {Urban metabolism and morphogenesis},
	Volume = {3},
	Year = {1982},
	Bdsk-File-1 = {YnBsaXN0MDDUAQIDBAUGJCVYJHZlcnNpb25YJG9iamVjdHNZJGFyY2hpdmVyVCR0b3ASAAGGoKgHCBMUFRYaIVUkbnVsbNMJCgsMDxJXTlMua2V5c1pOUy5vYmplY3RzViRjbGFzc6INDoACgAOiEBGABIAFgAdccmVsYXRpdmVQYXRoWWFsaWFzRGF0YV8QEkRvY3Mvb2xzZW4xOTgyLnBkZtIXCxgZV05TLmRhdGFPEQICAAAAAAICAAIAAAxNYWNpbnRvc2ggSEQAAAAAAAAAAAAAAAAAAADKQVpsSCsAAARRXnkNb2xzZW4xOTgyLnBkZgAAAAAAAAAAAAAAAAAAAAAAAAAAAAAAAAAAAAAAAAAAAAAAAAAAAAAAAAAAAAAAAAAABFFevNONbkIAAAAAAAAAAAABAAMAAAkgAAAAAAAAAAAAAAAAAAAABERvY3MAEAAIAADKQOnsAAAAEQAIAADTjP3CAAAAAQAgBFFeeQRRXnUET0JABFQNNgCQwikABQIVAAUCFAAAvuwAAgBzTWFjaW50b3NoIEhEOlVzZXJzOgBKdXN0ZToARG9jdW1lbnRzOgBDb21wbGV4U3lzdGVtczoAQ2lyY3VsYXJFY29ub215OgBDaXJjdWxhckVjb25vbXk6AEJpYmxpbzoARG9jczoAb2xzZW4xOTgyLnBkZgAADgAcAA0AbwBsAHMAZQBuADEAOQA4ADIALgBwAGQAZgAPABoADABNAGEAYwBpAG4AdABvAHMAaAAgAEgARAASAF5Vc2Vycy9KdXN0ZS9Eb2N1bWVudHMvQ29tcGxleFN5c3RlbXMvQ2lyY3VsYXJFY29ub215L0NpcmN1bGFyRWNvbm9teS9CaWJsaW8vRG9jcy9vbHNlbjE5ODIucGRmABMAAS8AABUAAgAM//8AAIAG0hscHR5aJGNsYXNzbmFtZVgkY2xhc3Nlc11OU011dGFibGVEYXRhox0fIFZOU0RhdGFYTlNPYmplY3TSGxwiI1xOU0RpY3Rpb25hcnmiIiBfEA9OU0tleWVkQXJjaGl2ZXLRJidUcm9vdIABAAgAEQAaACMALQAyADcAQABGAE0AVQBgAGcAagBsAG4AcQBzAHUAdwCEAI4AowCoALACtgK4Ar0CyALRAt8C4wLqAvMC+AMFAwgDGgMdAyIAAAAAAAACAQAAAAAAAAAoAAAAAAAAAAAAAAAAAAADJA==}}
