@comment{put your biblio here in bibtex format}



@article{raimbault2020cities,
  title={Cities as they could be: Artificial Life and Urban Systems},
  author={Raimbault, Juste},
  journal={arXiv preprint arXiv:2002.12926},
  year={2020}
}

@article{batty2009centenary,
  title={Centenary paper: The evolution of cities: Geddes, Abercrombie and the new physicalism},
  author={Batty, Michael and Marshall, Stephen},
  journal={Town Planning Review},
  volume={80},
  number={6},
  pages={551--575},
  year={2009}
}


@article{hess2010ecosystem,
  title={The ecosystem: Model or metaphor? Epistemological difficulties in industrial ecology},
  author={Hess, G{\'e}rald},
  journal={Journal of Industrial Ecology},
  volume={14},
  number={2},
  pages={270--285},
  year={2010},
  publisher={Wiley Online Library}
}

@article{desrochers2001cities,
  title={Cities and industrial symbiosis: Some historical perspectives and policy implications},
  author={Desrochers, Pierre},
  journal={Journal of industrial ecology},
  volume={5},
  number={4},
  pages={29--44},
  year={2001},
  publisher={Wiley Online Library}
}

@article{RCR,
  title={A spatial agent based model for simulating and optimizing networked eco-industrial systems},
  author={Raimbault, Juste and Broere, Joris and Somveille, Marius and Serna, Jesus Mario and  Strombom, Evelyn and
 Moore, Christine and Zhu, Ben and Sugar, Lorraine},
  journal={Forthcoming: Resources, Conservation \& Recycling},
  volume={},
  number={},
  pages={},
  year={2019},
  publisher={}
}


@article{chertow2012organizing,
  title={Organizing self-organizing systems: Toward a theory of industrial symbiosis},
  author={Chertow, Marian and Ehrenfeld, John},
  journal={Journal of industrial ecology},
  volume={16},
  number={1},
  pages={13--27},
  year={2012},
  publisher={Wiley Online Library}
}

@article{velenturf2016promoting,
  title={Promoting industrial symbiosis: Using the concept of proximity to explore social network development},
  author={Velenturf, Anne PM and Jensen, Paul D},
  journal={Journal of Industrial Ecology},
  volume={20},
  number={4},
  pages={700--709},
  year={2016},
  publisher={Wiley Online Library}
}

@incollection{van2018literature,
  title={A literature survey of information systems facilitating the identification of industrial symbiosis},
  author={van Capelleveen, Guido and Amrit, Chintan and Yazan, Devrim Murat},
  booktitle={From Science to Society},
  pages={155--169},
  year={2018},
  publisher={Springer}
}

@article{boons2017industrial,
  title={Industrial symbiosis dynamics and the problem of equivalence: Proposal for a comparative framework},
  author={Boons, Frank and Chertow, Marian and Park, Jooyoung and Spekkink, Wouter and Shi, Han},
  journal={Journal of Industrial Ecology},
  volume={21},
  number={4},
  pages={938--952},
  year={2017},
  publisher={Wiley Online Library}
}

@article{verburg2000multiscale,
  title={Multiscale characterization of land-use patterns in China},
  author={Verburg, Peter H and Chen, YouQi},
  journal={Ecosystems},
  volume={3},
  number={4},
  pages={369--385},
  year={2000},
  publisher={Springer}
}


@book{pumain2017urban,
	Author = {Pumain, Denise and Reuillon, Romain},
	Publisher = {Springer International},
	Title = {Urban Dynamics and Simulation Models},
	Year = {2017}}




@article{raimbault2018space,
  title={Space Matters: extending sensitivity analysis to initial spatial conditions in geosimulation models},
  author={Raimbault, J and Cottineau, C and Texier, M Le and N{\'e}chet, F Le and Reuillon, R},
  journal={arXiv preprint arXiv:1812.06008},
  year={2018}
}

@article{benenson2004geosimulation,
  title={Geosimulation: object-based modeling of urban phenomena},
  author={Benenson, Itzhak and Torrens, Paul M},
  journal={Computers, Environment and Urban Systems},
  volume={28},
  number={1-2},
  pages={1--8},
  year={2004},
  publisher={Elsevier Science}
}

@book{epstein2006generative,
  title={Generative social science: Studies in agent-based computational modeling},
  author={Epstein, Joshua M},
  year={2006},
  publisher={Princeton University Press}
}


@article{grimm2005pattern,
  title={Pattern-oriented modeling of agent-based complex systems: lessons from ecology},
  author={Grimm, Volker and Revilla, Eloy and Berger, Uta and Jeltsch, Florian and Mooij, Wolf M and Railsback, Steven F and Thulke, Hans-Hermann and Weiner, Jacob and Wiegand, Thorsten and DeAngelis, Donald L},
  journal={science},
  volume={310},
  number={5750},
  pages={987--991},
  year={2005},
  publisher={American Association for the Advancement of Science}
}


@article{reike2018circular,
  title={The circular economy: New or Refurbished as CE 3.0?—Exploring Controversies in the Conceptualization of the Circular Economy through a Focus on History and Resource Value Retention Options},
  author={Reike, Denise and Vermeulen, Walter JV and Witjes, Sjors},
  journal={Resources, Conservation and Recycling},
  volume={135},
  pages={246--264},
  year={2018},
  publisher={Elsevier}
}


@article{ryen2018ecological,
  title={Ecological foraging models as inspiration for optimized recycling systems in the circular economy},
  author={Ryen, Erinn G and Gaustad, Gabrielle and Babbitt, Callie W and Babbitt, Gregory},
  journal={Resources, Conservation and Recycling},
  volume={135},
  pages={48--57},
  year={2018},
  publisher={Elsevier}
}


@article{kirchherr2017conceptualizing,
  title={Conceptualizing the circular economy: An analysis of 114 definitions},
  author={Kirchherr, Julian and Reike, Denise and Hekkert, Marko},
  journal={Resources, Conservation and Recycling},
  volume={127},
  pages={221--232},
  year={2017},
  publisher={Elsevier}
}


@article{su2013review,
  title={A review of the circular economy in China: moving from rhetoric to implementation},
  author={Su, Biwei and Heshmati, Almas and Geng, Yong and Yu, Xiaoman},
  journal={Journal of Cleaner Production},
  volume={42},
  pages={215--227},
  year={2013},
  publisher={Elsevier}
}

@article{ghali2017agent,
  title={Agent-based model of self-organized industrial symbiosis},
  author={Ghali, Mohamed Raouf and Frayret, Jean-Marc and Ahabchane, Chahid},
  journal={Journal of Cleaner Production},
  volume={161},
  pages={452--465},
  year={2017},
  publisher={Elsevier}
}
@article{romero2013framework,
  title={Framework for Applying a Complex Adaptive System Approach to Model the Operation of Eco-Industrial Parks},
  author={Romero, Elena and Ruiz, M Carmen},
  journal={Journal of Industrial Ecology},
  volume={17},
  number={5},
  pages={731--741},
  year={2013},
  publisher={Wiley Online Library}
}

@misc{WebBen,
  title = {{The Industrial Symbiosis DATA repository} ISDATA},
  howpublished = {\url{http://isdata.org/}},
  author = {ISDATA},
  year = {2018},
  note = {Accessed: 2018-07-23}
}

@article{davis2017secondary,
  title={Secondary Resources in the Bio-Based Economy: A Computer Assisted Survey of Value Pathways in Academic Literature},
  author={Davis, Chris B and Aid, Graham and Zhu, Ben},
  journal={Waste and Biomass Valorization},
  volume={8},
  number={7},
  pages={2229--2246},
  year={2017},
  publisher={Springer}
}

@article{geng2012towards,
  title={Towards a national circular economy indicator system in China: an evaluation and critical analysis},
  author={Geng, Yong and Fu, Jia and Sarkis, Joseph and Xue, Bing},
  journal={Journal of Cleaner Production},
  volume={23},
  number={1},
  pages={216--224},
  year={2012},
  publisher={Elsevier}
}




@book{beaulieu2015circular,
  title={Circular Economy: a critical literature review of concepts},
  author={Beaulieu, Luce},
  year={2015},
  publisher={Centre interuniversitaire de recherche sur le cycle de vie des produits, proc{\'e}d{\'e}s et services}
}


@misc{ficf2014possibilities,
	title={Kiertotalouden Mahdollisuudet Suomelle (The Possibilities of Circular Economy for Finland},
	author={FICF and McKinsey},
	year={2014}
}

@article{geng2013measuring,
  title={Measuring China's circular economy},
  author={Geng, Yong and Sarkis, Joseph and Ulgiati, Sergio and Zhang, Pan},
  journal={Science},
  volume={339},
  number={6127},
  pages={1526--1527},
  year={2013},
  publisher={American Association for the Advancement of Science}
}


@misc{macarthur2015circularity,
  title={Circularity indicators: An Approach to Measuring Circularity. Methodology.},
  author={{Ellen MacArthur Foundation}},
  year={2015}
}


@misc{eucom2014towards,
	howpublished={Communication From the Commission to the European Parliament. The Council, the European Economic and Social Committee and the Committee of the Regions},
	author = {{European Commission}},
	year={2014},
	title={Towards a circular economy: a zero waste programme for Europe}
}


@misc{eucom2015closing,
	howpublished={Communication From the Commission to the European Parliament. The Council, the European Economic and Social Committee and the Committee of the Regions.},
	author = {{European Commission}},
	year={2015},
	title={Closing the Loop - An EU Action Plan for the Circular Economy}
}


@article{gibbs2007reflections,
  title={Reflections on implementing industrial ecology through eco-industrial park development},
  author={Gibbs, David and Deutz, Pauline},
  journal={Journal of Cleaner Production},
  volume={15},
  number={17},
  pages={1683--1695},
  year={2007},
  publisher={Elsevier}
}


@article{korhonen2018circular,
  title={Circular economy: the concept and its limitations},
  author={Korhonen, Jouni and Honkasalo, Antero and Sepp{\"a}l{\"a}, Jyri},
  journal={Ecological economics},
  volume={143},
  pages={37--46},
  year={2018},
  publisher={Elsevier}
}

@article{li2012evolutionary,
  title={Evolutionary Game Analysis of Cooperative Relationships among Enterprises in Eco-Industrial Chain [J]},
  author={Li, Chun-fa and Wang, Zhi-ying},
  journal={Journal of Dalian University of Technology (Social Sciences)},
  volume={3},
  pages={003},
  year={2012}
}


@inpproceedings{raimbault2017cost,
	Author = {Raimbault, Juste and Bergeaud, Antonin},
	Booktitle = {EWGT 2017},
	Title = {The Cost of Transportation: Spatial Analysis of Fuel Prices in the US. \textit{EWGT 2017}},
	Year = {2017}}



@article{berroir2017systemes,
	Author = {Berroir, Sandrine and Cattan, Nadine and Dobruszkes, Fr{\'e}d{\'e}ric and Gu{\'e}rois, Marianne and Paulus, Fabien and Vacchiani-Marcuzzo, C{\'e}line},
	Journal = {Cybergeo: European Journal of Geography},
	Title = {Les syst{\`e}mes urbains fran{\c{c}}ais: une approche relationnelle},
	Year = {2017}}




@article{bettencourt2007growth,
	Author = {Bettencourt, Lu{\'\i}s MA and Lobo, Jos{\'e} and Helbing, Dirk and K{\"u}hnert, Christian and West, Geoffrey B},
	Journal = {Proceedings of the national academy of sciences},
	Number = {17},
	Pages = {7301--7306},
	Title = {Growth, innovation, scaling, and the pace of life in cities},
	Volume = {104},
	Year = {2007}}



@article{10.1371/journal.pone.0183919,
	Author = {Cottineau, Cl{\'e}mentine},
	Journal = {PLOS ONE},
	Month = {08},
	Number = {8},
	Pages = {1-22},
	Title = {MetaZipf. A dynamic meta-analysis of city size distributions},
	Volume = {12},
	Year = {2017}}

@article{martin2015gets,
  title={Who gets the benefits? An approach for assessing the environmental performance of industrial symbiosis},
  author={Martin, Michael and Svensson, Niclas and Eklund, Mats},
  journal={Journal of Cleaner Production},
  volume={98},
  pages={263--271},
  year={2015},
  publisher={Elsevier}
}

@article{fazlollahi2012methods,
  title={Methods for multi-objective investment and operating optimization of complex energy systems},
  author={Fazlollahi, Samira and Mandel, Pierre and Becker, Gwenaelle and Mar{\'e}chal, Francois},
  journal={Energy},
  volume={45},
  number={1},
  pages={12--22},
  year={2012},
  publisher={Elsevier}
}


@article{simon1958size,
  title={The size distribution of business firms},
  author={Simon, Herbert A and Bonini, Charles P},
  journal={The American economic review},
  volume={48},
  number={4},
  pages={607--617},
  year={1958},
  publisher={JSTOR}
}

@article{tsekeris2011spatial,
  title={Spatial agent-based modeling of household and firm location with endogenous transport costs},
  author={Tsekeris, Theodore and Vogiatzoglou, Klimis},
  journal={NETNOMICS: Economic Research and Electronic Networking},
  volume={12},
  number={2},
  pages={77--98},
  year={2011},
  publisher={Springer}
}

@article{jensen2011quantifying,
  title={Quantifying ‘geographic proximity’: experiences from the United Kingdom's national industrial symbiosis programme},
  author={Jensen, Paul D and Basson, Lauren and Hellawell, Emma E and Bailey, Malcolm R and Leach, Matthew},
  journal={Resources, Conservation and Recycling},
  volume={55},
  number={7},
  pages={703--712},
  year={2011},
  publisher={Elsevier}
}

@incollection{bierlaire1998discrete,
  title={Discrete choice models},
  author={Bierlaire, Michel},
  booktitle={Operations research and decision aid methodologies in traffic and transportation management},
  pages={203--227},
  year={1998},
  publisher={Springer}
}


@article{andersen2007introductory,
  title={An introductory note on the environmental economics of the circular economy},
  author={Andersen, Mikael Skou},
  journal={Sustainability Science},
  volume={2},
  number={1},
  pages={133--140},
  year={2007},
  publisher={Springer}
}

@article{wu2017agent,
  title={Agent-Based Modeling of Temporal and Spatial Dynamics in Life Cycle Sustainability Assessment},
  author={Wu, Susie Ruqun and Li, Xiaomeng and Apul, Defne and Breeze, Victoria and Tang, Ying and Fan, Yi and Chen, Jiquan},
  journal={Journal of Industrial Ecology},
  volume={21},
  number={6},
  pages={1507--1521},
  year={2017},
  publisher={Wiley Online Library}
}

@article{dijkema2009complexity,
  title={Complexity and industrial ecology: Foundations for a transformation from analysis to action},
  author={Dijkema, Gerard PJ and Basson, Lauren},
  journal={Journal of Industrial Ecology},
  volume={13},
  number={2},
  pages={157--164},
  year={2009},
  publisher={Wiley Online Library}
}

@article{jacobsen2006industrial,
  title={Industrial symbiosis in Kalundborg, Denmark: a quantitative assessment of economic and environmental aspects},
  author={Jacobsen, Noel Brings},
  journal={Journal of industrial ecology},
  volume={10},
  number={1-2},
  pages={239--255},
  year={2006},
  publisher={Wiley Online Library}
}

@article{kraines2006applying,
  title={Applying agent-based simulation in industrial ecology},
  author={Kraines, Steven and Wallace, David},
  journal={Journal of Industrial Ecology},
  volume={10},
  number={1-2},
  pages={15--18},
  year={2006},
  publisher={Wiley Online Library}
}

@article{axtell2001agent,
  title={Agent-based modeling and industrial ecology},
  author={Axtell, Robert L and Andrews, Clinton J and Small, Mitchell J},
  journal={Journal of Industrial Ecology},
  volume={5},
  number={4},
  pages={10--13},
  year={2001},
  publisher={Wiley Online Library}
}

@article{davis2009integration,
  title={Integration of life cycle assessment into agent-based modeling: Toward informed decisions on evolving infrastructure systems},
  author={Davis, Chris and Nikoli{\'c}, Igor and Dijkema, Gerard PJ},
  journal={Journal of Industrial Ecology},
  volume={13},
  number={2},
  pages={306--325},
  year={2009},
  publisher={Wiley Online Library}
}

@phdthesis{banos2013pour,
  title={Pour des pratiques de mod{\'e}lisation et de simulation lib{\'e}r{\'e}es en G{\'e}ographie et SHS},
  author={Banos, Arnaud},
  year={2013},
  school={Universit{\'e} Paris 1 Panth{\'e}on Sorbonne}
}



@misc{dijst2017exploring,
  title={Exploring urban metabolism—Towards an interdisciplinary perspective},
  author={Dijst, Martin and Worrell, Ernst and B{\"o}cker, Lars and Brunner, Paul and Davoudi, Simin and Geertman, Stan and Harmsen, Robert and Helbich, Marco and Holtslag, Albert AM and Kwan, Mei-Po and others},
  year={2017},
  publisher={Elsevier}
}



@article{bakonyi1995euclidian,
  title={The Euclidian distance matrix completion problem},
  author={Bakonyi, Mih{\'a}ly and Johnson, Charles R},
  journal={SIAM Journal on Matrix Analysis and Applications},
  volume={16},
  number={2},
  pages={646--654},
  year={1995},
  publisher={SIAM}
}




@article{su2013review,
  title={A review of the circular economy in China: moving from rhetoric to implementation},
  author={Su, Biwei and Heshmati, Almas and Geng, Yong and Yu, Xiaoman},
  journal={Journal of Cleaner Production},
  volume={42},
  pages={215--227},
  year={2013},
  publisher={Elsevier}
}


@ARTICLE{2018arXiv180505195R,
   author = {{Raimbault}, J.},
    title = "{An Urban Morphogenesis Model Capturing Interactions between Networks and Territories}",
  journal = {ArXiv e-prints},
archivePrefix = "arXiv",
   eprint = {1805.05195},
 primaryClass = "physics.soc-ph",
 keywords = {Physics - Physics and Society},
     year = 2018,
    month = may,
   adsurl = {http://adsabs.harvard.edu/abs/2018arXiv180505195R},
  adsnote = {Provided by the SAO/NASA Astrophysics Data System}
}


@incollection{raimbault2019urban,
  title={An urban morphogenesis model capturing interactions between networks and territories},
  author={Raimbault, Juste},
  booktitle={The Mathematics of Urban Morphology},
  pages={383--409},
  year={2019},
  publisher={Springer}
}



@article{pumain2006evolutionary,
  title={An evolutionary theory for interpreting urban scaling laws},
  author={Pumain, Denise and Paulus, Fabien and Vacchiani-Marcuzzo, C{\'e}line and Lobo, Jos{\'e}},
  journal={Cybergeo: European Journal of Geography},
  year={2006},
  publisher={CNRS-UMR G{\'e}ographie-cit{\'e}s 8504}
}


@article{Krausmann21022017,
author = {Krausmann, Fridolin and Wiedenhofer, Dominik and Lauk, Christian and Haas, Willi and Tanikawa, Hiroki and Fishman, Tomer and Miatto, Alessio and Schandl, Heinz and Haberl, Helmut}, 
title = {Global socioeconomic material stocks rise 23-fold over the 20th century and require half of annual resource use},
volume = {114}, 
number = {8}, 
pages = {1880-1885}, 
year = {2017}, 
doi = {10.1073/pnas.1613773114}, 
abstract ={Human-made material stocks accumulating in buildings, infrastructure, and machinery play a crucial but under appreciated role in shaping the use of material and energy resources. Building, maintaining, and in particular operating in-use stocks of materials require raw materials and energy. Material stocks create long-term path-dependencies because of their longevity. Fostering a transition toward environmentally sustainable patterns of resource use requires a more complete understanding of stock-flow relations. Here we show that about half of all materials extracted globally by humans each year are used to build up or renew in-use stocks of materials. Based on a dynamic stock-flow model, we analyze stocks, inflows, and outflows of all materials and their relation to economic growth, energy use, and CO2 emissions from 1900 to 2010. Over this period, global material stocks increased 23-fold, reaching 792 Pg (±5%) in 2010. Despite efforts to improve recycling rates, continuous stock growth precludes closing material loops; recycling still only contributes 12% of inflows to stocks. Stocks are likely to continue to grow, driven by large infrastructure and building requirements in emerging economies. A convergence of material stocks at the level of industrial countries would lead to a fourfold increase in global stocks, and CO2 emissions exceeding climate change goals. Reducing expected future increases of material and energy demand and greenhouse gas emissions will require decoupling of services from the stocks and flows of materials through, for example, more intensive utilization of existing stocks, longer service lifetimes, and more efficient design.}, 
journal = {Proceedings of the National Academy of Sciences} 
}




@book{nelson2009evolutionary,
  title={An evolutionary theory of economic change},
  author={Nelson, Richard R and Winter, Sidney G},
  year={2009},
  publisher={Harvard University Press}
}



@article{sauve2016environmental,
	Author = {Sauv{\'e}, S{\'e}bastien and Bernard, Sophie and Sloan, Pamela},
	Journal = {Environmental Development},
	Pages = {48--56},
	Title = {Environmental sciences, sustainable development and circular economy: Alternative concepts for trans-disciplinary research},
	Volume = {17},
	Year = {2016}}




@article{genovese2015sustainable,
	Author = {Genovese, Andrea and Acquaye, Adolf A and Figueroa, Alejandro and Koh, SC Lenny},
	Journal = {Omega},
	Title = {Sustainable supply chain management and the transition towards a circular economy: Evidence and some applications},
	Year = {2015}}



@article{ghisellini2016review,
	Author = {Ghisellini, Patrizia and Cialani, Catia and Ulgiati, Sergio},
	Journal = {Journal of Cleaner Production},
	Pages = {11--32},
	Title = {A review on circular economy: The expected transition to a balanced interplay of environmental and economic systems},
	Volume = {114},
	Year = {2016}}




@article{farmer2009economy,
  title={The economy needs agent-based modelling},
  author={Farmer, J Doyne and Foley, Duncan},
  journal={Nature},
  volume={460},
  number={7256},
  pages={685--686},
  year={2009},
  publisher={Nature Publishing Group}
}


@article{macarthur2013towards,
  title={Towards the circular economy},
  author={MacArthur, Ellen},
  journal={Journal of Industrial Ecology},
  pages={23--44},
  year={2013}
}


@article{george2015circular,
	Author = {George, Donald AR and Lin, Brian Chi-ang and Chen, Yunmin},
	Journal = {Environmental Modelling \& Software},
	Pages = {60--63},
	Title = {A circular economy model of economic growth},
	Volume = {73},
	Year = {2015}}




@article{geng2013measuring,
  title={Measuring China's circular economy},
  author={Geng, Yong and Sarkis, Joseph and Ulgiati, Sergio and Zhang, Pan},
  journal={Science},
  volume={339},
  number={6127},
  pages={1526--1527},
  year={2013},
  publisher={American Association for the Advancement of Science}
}



@article{yuan2006circular,
  title={The circular economy: A new development strategy in China},
  author={Yuan, Zengwei and Bi, Jun and Moriguichi, Yuichi},
  journal={Journal of Industrial Ecology},
  volume={10},
  number={1-2},
  pages={4--8},
  year={2006},
  publisher={Wiley Online Library}
}


@article{geissdoerfer2017circular,
  title={The Circular Economy--A new sustainability paradigm?},
  author={Geissdoerfer, Martin and Savaget, Paulo and Bocken, Nancy MP and Hultink, Erik Jan},
  journal={Journal of Cleaner Production},
  volume={143},
  pages={757--768},
  year={2017},
  publisher={Elsevier}
}


@book{may1973stability,
  title={Stability and complexity in model ecosystems},
  author={May, Robert McCredie},
  volume={6},
  year={1973},
  publisher={Princeton University Press}
}


@article{zhu2013exploring,
  title={Exploring the resilience of industrial ecosystems},
  author={Zhu, Junming and Ruth, Matthias},
  journal={Journal of environmental management},
  volume={122},
  pages={65--75},
  year={2013},
  publisher={Elsevier}
}


@article{li2015resilience,
  title={The resilience of interdependent industrial symbiosis networks: A case of Yixing Economic and Technological Development Zone},
  author={Li, Yang and Shi, Lei},
  journal={Journal of Industrial Ecology},
  volume={19},
  number={2},
  pages={264--273},
  year={2015},
  publisher={Wiley Online Library}
}


@article{ulanowicz1991ecosystem,
  title={Ecosystem flow networks: loaded dice?},
  author={Ulanowicz, Robert E and Wolff, Wilfried F},
  journal={Mathematical Biosciences},
  volume={103},
  number={1},
  pages={45--68},
  year={1991},
  publisher={Elsevier}
}


@article{bai2007industrial,
  title={Industrial ecology and the global impacts of cities},
  author={Bai, Xuemei},
  journal={Journal of Industrial Ecology},
  volume={11},
  number={2},
  pages={1--6},
  year={2007},
  publisher={Wiley Online Library}
}

@article{olsen1982urban,
  title={Urban metabolism and morphogenesis},
  author={Olsen, Sherry},
  journal={Urban Geography},
  volume={3},
  number={2},
  pages={87--109},
  year={1982},
  publisher={Taylor \& Francis}
}



@article{hoornwegmainstreaming,
  title={MAINSTREAMING URBAN METABOLISM: ADVANCES AND},
  author={Hoornweg, Daniel A and Campillo, Gisela and Expert, Climate Change and Linders, Dennis and Platform, Urbanization Knowledge and Saldivar-Sali, Artessa N and Bermudo, Gisela Campillo and Sugar, Lorraine}
}

@article{bodini2012cities,
  title={Cities as ecosystems: growth, development and implications for sustainability},
  author={Bodini, Antonio and Bondavalli, Cristina and Allesina, Stefano},
  journal={Ecological Modelling},
  volume={245},
  pages={185--198},
  year={2012},
  publisher={Elsevier}
}



@article{newcombe1978metabolism,
  title={The metabolism of a city: the case of Hong Kong},
  author={Newcombe, Ken and Kalma, Jetse D and Aston, Alan R},
  journal={Ambio},
  pages={3--15},
  year={1978},
  publisher={JSTOR}
}


@article{kennedy2011study,
  title={The study of urban metabolism and its applications to urban planning and design},
  author={Kennedy, Christopher and Pincetl, Stephanie and Bunje, Paul},
  journal={Environmental pollution},
  volume={159},
  number={8},
  pages={1965--1973},
  year={2011},
  publisher={Elsevier}
}


@article{kennedy2007changing,
  title={The changing metabolism of cities},
  author={Kennedy, Christopher and Cuddihy, John and Engel-Yan, Joshua},
  journal={Journal of industrial ecology},
  volume={11},
  number={2},
  pages={43--59},
  year={2007},
  publisher={Wiley Online Library}
}


@article{haas2015circular,
  title={How circular is the global economy?: an assessment of material flows, waste production, and recycling in the European union and the world in 2005},
  author={Haas, Willi and Krausmann, Fridolin and Wiedenhofer, Dominik and Heinz, Markus},
  journal={Journal of Industrial Ecology},
  volume={19},
  number={5},
  pages={765--777},
  year={2015},
  publisher={Wiley Online Library}
}




@article{williams2010probabilistic,
  title={The probabilistic niche model reveals the niche structure and role of body size in a complex food web},
  author={Williams, Richard J and Anandanadesan, Ananthi and Purves, Drew},
  journal={PloS one},
  volume={5},
  number={8},
  pages={e12092},
  year={2010},
  publisher={Public Library of Science}
}



@article{williams2000simple,
  title={Simple rules yield complex food webs},
  author={Williams, Richard J and Martinez, Neo D},
  journal={Nature},
  volume={404},
  number={6774},
  pages={180--183},
  year={2000},
  publisher={Nature Publishing Group}
}


@article{chertow2000industrial,
  title={Industrial symbiosis: literature and taxonomy},
  author={Chertow, Marian R},
  journal={Annual review of energy and the environment},
  volume={25},
  number={1},
  pages={313--337},
  year={2000},
  publisher={Annual Reviews 4139 El Camino Way, PO Box 10139, Palo Alto, CA 94303-0139, USA}
}


@article{gridded2005density,
	Author = {CIESIN/CIAT},
	Month = {20160630},
	Title = {Gridded Population of the World, Version 3 (GPWv3): Population Density Grid},
	Year = {2005}}



@article{reuillon2013openmole,
  title={OpenMOLE, a workflow engine specifically tailored for the distributed exploration of simulation models},
  author={Reuillon, Romain and Leclaire, Mathieu and Rey-Coyrehourcq, Sebastien},
  journal={Future Generation Computer Systems},
  volume={29},
  number={8},
  pages={1981--1990},
  year={2013},
  publisher={Elsevier}
}


@misc{marks2012review,
  title={Review of Joseph Dodds'“Psychoanalysis and Ecology at the Edge of Chaos”},
  author={Marks-Tarlow, Terry},
  year={2012},
  publisher={Taylor \& Francis}
}

%%% Additional references added for Reviewer 2

@ARTICLE{Demartini2019222,
author={Demartini, M. and Bertani, F. and Tonelli, F.},
title={AB-SD hybrid modelling approach: a framework for evaluating industrial sustainability scenarios},
journal={Studies in Computational Intelligence},
year={2019},
volume={803},
pages={222-232},
url={https://www.scopus.com/inward/record.uri?eid=2-s2.0-85059088041&doi=10.1007%2f978-3-030-03003-2_17&partnerID=40&md5=f7daf4396689ae1e5463e61c34fa1a38},
publisher={Springer Verlag},
}

@ARTICLE{Fraccascia2018473,
author={Fraccascia, L. and Yazan, D.M.},
title={The role of online information-sharing platforms on the performance of industrial symbiosis networks},
journal={Resources, Conservation and Recycling},
year={2018},
volume={136},
pages={473-485},
url={https://www.scopus.com/inward/record.uri?eid=2-s2.0-85046147764&doi=10.1016%2fj.resconrec.2018.03.009&partnerID=40&md5=60b8a6f8c552840e9f37e52d03909f00},
publisher={Elsevier B.V.},
}

@ARTICLE{Mantese2018450,
author={Mantese, G.C. and Amaral, D.C.},
title={Agent-based simulation to evaluate and categorize industrial symbiosis indicators},
journal={Journal of Cleaner Production},
year={2018},
volume={186},
pages={450-464},
url={https://www.scopus.com/inward/record.uri?eid=2-s2.0-85046039018&doi=10.1016%2fj.jclepro.2018.03.142&partnerID=40&md5=8021647b6026c8e269852355dde72836},
publisher={Elsevier Ltd},
}

@ARTICLE{Yazan2018820,
author={Yazan, D.M. and Fraccascia, L. and Mes, M. and Zijm, H.},
title={Cooperation in manure-based biogas production networks: An agent-based modeling approach},
journal={Applied Energy},
year={2018},
volume={212},
pages={820-833},
url={https://www.scopus.com/inward/record.uri?eid=2-s2.0-85039843383&doi=10.1016%2fj.apenergy.2017.12.074&partnerID=40&md5=c92df506cb8dc19d5e6191e746aad441},
publisher={Elsevier Ltd},
}

@ARTICLE{Demartini2018171,
author={Demartini, M. and Tonelli, F. and Bertani, F.},
title={Approaching Industrial Symbiosis Through Agent-Based Modeling and System Dynamics},
journal={Studies in Computational Intelligence},
year={2018},
volume={762},
pages={171-185},
url={https://www.scopus.com/inward/record.uri?eid=2-s2.0-85042125834&doi=10.1007%2f978-3-319-73751-5_13&partnerID=40&md5=3aa0f7aa84f492a3a436724cb046b874},
publisher={Springer Verlag},
}

@ARTICLE{Lange2017,
author={Lange, K.P.H. and Korevaar, G. and Oskam, I.F. and Herder, P.M.},
title={Developing and understanding design interventions in relation to industrial symbiosis dynamics},
journal={Sustainability (Switzerland)},
year={2017},
volume={9},
number={5},
art_number={826},
url={https://www.scopus.com/inward/record.uri?eid=2-s2.0-85019944899&doi=10.3390%2fsu9050826&partnerID=40&md5=97bf91d2b0846e26e045c24d588e9ff1},
publisher={MDPI AG},
}

@ARTICLE{Wang2017636,
author={Wang, D. and Li, J. and Wang, Y. and Wan, K. and Song, X. and Liu, Y.},
title={Comparing the vulnerability of different coal industrial symbiosis networks under economic fluctuations},
journal={Journal of Cleaner Production},
year={2017},
volume={149},
pages={636-652},
url={https://www.scopus.com/inward/record.uri?eid=2-s2.0-85015805966&doi=10.1016%2fj.jclepro.2017.02.137&partnerID=40&md5=c10fb8e35127fa963816a23a4e8cb1e5},
publisher={Elsevier Ltd},
}

@ARTICLE{Fraccascia2017,
author={Fraccascia, L. and Giannoccaro, I. and Albino, V.},
title={Efficacy of landfill tax and subsidy policies for the emergence of industrial symbiosis networks: An agent-based simulation study},
journal={Sustainability (Switzerland)},
year={2017},
volume={9},
number={4},
art_number={521},
url={https://www.scopus.com/inward/record.uri?eid=2-s2.0-85017366096&doi=10.3390%2fsu9040521&partnerID=40&md5=0908546eb859ea53a51db86156f1ec8a},
publisher={MDPI AG},
}

@ARTICLE{CoutoMantese20171652,
author={Couto Mantese, G. and Capaldo Amaral, D.},
title={Comparison of industrial symbiosis indicators through agent-based modeling},
journal={Journal of Cleaner Production},
year={2017},
volume={140},
pages={1652-1671},
url={https://www.scopus.com/inward/record.uri?eid=2-s2.0-84991249284&doi=10.1016%2fj.jclepro.2016.09.142&partnerID=40&md5=9a77d0db3de46a736a63803be3d3a524},
publisher={Elsevier Ltd},
}

@ARTICLE{Zheng2017,
author={Zheng, K. and Jia, S.},
title={Promoting the opportunity identification of industrial symbiosis: Agent-based modeling inspired by innovation diffusion theory},
journal={Sustainability (Switzerland)},
year={2017},
volume={9},
number={5},
art_number={765},
url={https://www.scopus.com/inward/record.uri?eid=2-s2.0-85019072591&doi=10.3390%2fsu9050765&partnerID=40&md5=cc5e1ccc65513eaa4fc1c79ffd6df979},
publisher={MDPI AG},
}


@ARTICLE{Fernandez-Mena2016467,
author={Fernandez-Mena, H. and Nesme, T. and Pellerin, S.},
title={Towards an Agro-Industrial Ecology: A review of nutrient flow modelling and assessment tools in agro-food systems at the local scale},
journal={Science of the Total Environment},
year={2016},
volume={543},
pages={467-479},
url={https://www.scopus.com/inward/record.uri?eid=2-s2.0-84947461465&doi=10.1016%2fj.scitotenv.2015.11.032&partnerID=40&md5=fda312436f0d282e124350aad9a7a0fd},
publisher={Elsevier B.V.},
}

@ARTICLE{Albino20164353,
author={Albino, V. and Fraccascia, L. and Giannoccaro, I.},
title={Exploring the role of contracts to support the emergence of self-organized industrial symbiosis networks: An agent-based simulation study},
journal={Journal of Cleaner Production},
year={2016},
volume={112},
pages={4353-4366},
url={https://www.scopus.com/inward/record.uri?eid=2-s2.0-84959465980&doi=10.1016%2fj.jclepro.2015.06.070&partnerID=40&md5=99a13f2cb357c8ea2be347a42284acd6},
publisher={Elsevier Ltd},
}

@CONFERENCE{Mantese2016166,
author={Mantese, G.C. and De Piere, B.A. and Amaral, D.C.},
title={A procedure to validate industrial symbiosis indicators combining conceptual and empirical validation methods},
journal={Advances in Transdisciplinary Engineering},
year={2016},
volume={4},
pages={166-175},
url={https://www.scopus.com/inward/record.uri?eid=2-s2.0-84994037063&doi=10.3233%2f978-1-61499-703-0-166&partnerID=40&md5=c21c28928a2d75b9ea4728a4f5da2e39},
publisher={IOS Press BV},
}

@ARTICLE{Huang2015301,
author={Huang, Y.-Q. and Liu, J.-R. and Wang, X.-H.},
title={Agent-based modeling and simulation of agro-industrial compound eco-industrial park},
journal={Journal of Ecology and Rural Environment},
year={2015},
volume={31},
number={3},
pages={301-307},
art_number={1673-4831(2015)03-0301-07},
url={https://www.scopus.com/inward/record.uri?eid=2-s2.0-85042490258&doi=10.11934%2fj.issn.1673-4831.2015.03.005&partnerID=40&md5=95ac2837f95a483840c1a4cbd3b795ac},
publisher={China Environmental Science Press},
}

@ARTICLE{Romero2014394,
author={Romero, E. and Ruiz, M.C.},
title={Proposal of an agent-based analytical model to convert industrial areas in industrial eco-systems},
journal={Science of the Total Environment},
year={2014},
volume={468-469},
pages={394-405},
url={https://www.scopus.com/inward/record.uri?eid=2-s2.0-84884258798&doi=10.1016%2fj.scitotenv.2013.08.049&partnerID=40&md5=3d72169e00644a5071c9030d7d9f355a},
publisher={Elsevier},
}

@ARTICLE{Wang2014690,
author={Wang, G. and Feng, X. and Khim Hoong, C.},
title={Symbiosis analysis on industrial ecological system},
journal={Chinese Journal of Chemical Engineering},
year={2014},
volume={22},
number={6},
pages={690-698},
url={https://www.scopus.com/inward/record.uri?eid=2-s2.0-84899004178&doi=10.1016%2fS1004-9541%2814%2960084-7&partnerID=40&md5=5ce8fec24e1dbb19a73212907736c63b},
publisher={Chemical Industry Press},
}
pages={2651-2659},
url={https://www.scopus.com/inward/record.uri?eid=2-s2.0-84894131201&partnerID=40&md5=02ab721e6b36a063d5936aa1590f828c},
}

@ARTICLE{Batten2009197,
author={Batten, D.F.},
title={Fostering industrial symbiosis with agent-based simulation and participatory modeling},
journal={Journal of Industrial Ecology},
year={2009},
volume={13},
number={2},
pages={197-213},
url={https://www.scopus.com/inward/record.uri?eid=2-s2.0-67049155400&doi=10.1111%2fj.1530-9290.2009.00115.x&partnerID=40&md5=e771070aee91a197cd59af007a85ebbe},
}
